
@book{1999,
  title = {Li Shi de Xian Sheng: Ban Ge Shi Ji Qian de Zhuang Yan Cheng Nuo: "{{Xin}} Hua Ri Bao", "{{Jie}} Fang Ri Bao" She Lun Xuan},
  shorttitle = {Li Shi de Xian Sheng},
  date = {1999},
  edition = {Di 1 ban},
  publisher = {{Shantou da xue chu ban she}},
  location = {{Shantou Shi}},
  isbn = {978-7-81036-345-7},
  pagetotal = {2}
}

@misc{2014,
  title = {Nikon {{D610}} Manual},
  date = {2014-06-01}
}

@legislation{2018,
  title = {中华人民共和国宪法},
  date = {2018-03-11}
}

@online{2021,
  title = {中共中央关于党的百年奋斗重大成就和历史经验的决议（全文）\_中央有关文件\_中国政府网},
  date = {2021-11-16},
  url = {http://www.gov.cn/zhengce/2021-11/16/content_5651269.htm},
  urldate = {2021-11-18}
}

@misc{2021a,
  title = {The {{TikZ}} and {{PGF}} Packages Manual},
  date = {2021-05-15}
}

@inreference{2022,
  title = {中华人民共和国宪法},
  booktitle = {维基百科，自由的百科全书},
  date = {2022-02-18T00:30:14Z},
  url = {https://zh.wikipedia.org/w/index.php?title=%E4%B8%AD%E5%8D%8E%E4%BA%BA%E6%B0%91%E5%85%B1%E5%92%8C%E5%9B%BD%E5%AE%AA%E6%B3%95&oldid=70223042},
  urldate = {2022-03-17},
  langid = {zh-Hans-CN}
}

@inproceedings{Aghajanyan2021,
  title = {Intrinsic Dimensionality Explains the Effectiveness of Language Model Fine-Tuning},
  booktitle = {Proceedings of the 59th {{Annual Meeting}} of the {{Association}} for {{Computational Linguistics}} and the 11th {{International Joint Conference}} on {{Natural Language Processing}} ({{Volume}} 1: {{Long Papers}})},
  author = {Aghajanyan, Armen and Gupta, Sonal and Zettlemoyer, Luke},
  date = {2021},
  pages = {7319--7328},
  publisher = {{Association for Computational Linguistics}},
  location = {{Online}},
  doi = {10.18653/v1/2021.acl-long.568},
  url = {https://aclanthology.org/2021.acl-long.568},
  urldate = {2022-04-08},
  eventtitle = {{{ACL-IJCNLP}} 2021}
}

@unpublished{AlKhamissi2022,
  title = {A Review on Language Models as Knowledge Bases},
  author = {AlKhamissi, Badr and Li, Millicent and Celikyilmaz, Asli and Diab, Mona and Ghazvininejad, Marjan},
  date = {2022-04-12},
  eprint = {2204.06031},
  eprinttype = {arxiv},
  primaryclass = {cs},
  url = {http://arxiv.org/abs/2204.06031},
  urldate = {2022-04-14},
  archiveprefix = {arXiv}
}

@book{ALuoLa2012,
  title = {计算复杂性的现代方法},
  author = {阿罗拉},
  date = {2012-01-01},
  publisher = {{世界图书出版公司}},
  url = {https://book.douban.com/subject/10564082/},
  urldate = {2021-10-13},
  isbn = {978-7-5100-4286-7},
  pagetotal = {579}
}

@inproceedings{Arabshahi2021,
  title = {Conversational Multi-Hop Reasoning with Neural Commonsense Knowledge and Symbolic Logic Rules},
  booktitle = {Proceedings of the 2021 {{Conference}} on {{Empirical Methods}} in {{Natural Language Processing}}},
  author = {Arabshahi, Forough and Lee, Jennifer and Bosselut, Antoine and Choi, Yejin and Mitchell, Tom},
  date = {2021-11},
  pages = {7404--7418},
  publisher = {{Association for Computational Linguistics}},
  location = {{Online and Punta Cana, Dominican Republic}},
  url = {https://aclanthology.org/2021.emnlp-main.588},
  urldate = {2021-11-27},
  eventtitle = {{{EMNLP}} 2021}
}

@inproceedings{Arora2021,
  title = {Low-Rank Subspaces for Unsupervised Entity Linking},
  booktitle = {Proceedings of the 2021 {{Conference}} on {{Empirical Methods}} in {{Natural Language Processing}}},
  author = {Arora, Akhil and Garcia-Duran, Alberto and West, Robert},
  date = {2021-11},
  pages = {18},
  publisher = {{Association for Computational Linguistics}},
  location = {{Online and Punta Cana, Dominican Republic}},
  eventtitle = {{{EMNLP}} 2021},
  langid = {english}
}

@unpublished{Ba2016,
  title = {Layer Normalization},
  author = {Ba, Jimmy Lei and Kiros, Jamie Ryan and Hinton, Geoffrey E.},
  date = {2016-07-21},
  eprint = {1607.06450},
  eprinttype = {arxiv},
  primaryclass = {cs, stat},
  url = {https://arxiv.org/abs/1607.06450},
  urldate = {2021-09-01},
  archiveprefix = {arXiv}
}

@book{Baader2007,
  title = {The Description Logic Handbook: Theory, Implementation, and Applications},
  author = {Baader, Franz and Calvanese, Diego and Mcguinness, Deborah and Nardi, Daniele and Patel-Schneider, Peter},
  date = {2007-01}
}

@unpublished{Bahdanau2016,
  title = {Neural Machine Translation by Jointly Learning to Align and Translate},
  author = {Bahdanau, Dzmitry and Cho, Kyunghyun and Bengio, Yoshua},
  date = {2016-05-19},
  eprint = {1409.0473},
  eprinttype = {arxiv},
  primaryclass = {cs, stat},
  url = {http://arxiv.org/abs/1409.0473},
  urldate = {2022-04-16},
  archiveprefix = {arXiv}
}

@inproceedings{BaldiniSoares2019,
  title = {Matching the Blanks: Distributional Similarity for Relation Learning},
  shorttitle = {Matching the Blanks},
  booktitle = {Proceedings of the 57th {{Annual Meeting}} of the {{Association}} for {{Computational Linguistics}}},
  author = {Baldini Soares, Livio and FitzGerald, Nicholas and Ling, Jeffrey and Kwiatkowski, Tom},
  date = {2019-07},
  pages = {2895--2905},
  publisher = {{Association for Computational Linguistics}},
  location = {{Florence, Italy}},
  doi = {10/ggwj3h},
  url = {https://aclanthology.org/P19-1279},
  urldate = {2021-11-02},
  eventtitle = {{{ACL}} 2019}
}

@inproceedings{Bapna2019,
  title = {Simple, Scalable Adaptation for Neural Machine Translation},
  booktitle = {Proceedings of the 2019 {{Conference}} on {{Empirical Methods}} in {{Natural Language Processing}} and the 9th {{International Joint Conference}} on {{Natural Language Processing}} ({{EMNLP-IJCNLP}})},
  author = {Bapna, Ankur and Firat, Orhan},
  date = {2019},
  pages = {1538--1548},
  publisher = {{Association for Computational Linguistics}},
  location = {{Hong Kong, China}},
  doi = {10.18653/v1/D19-1165},
  url = {https://aclanthology.org/D19-1165},
  urldate = {2022-04-06},
  eventtitle = {{{EMNLP-IJCNLP}} 2019}
}

@unpublished{Beck2022,
  title = {{{AdapterHub}} Playground: Simple and Flexible Few-Shot Learning with Adapters},
  shorttitle = {{{AdapterHub}} Playground},
  author = {Beck, Tilman and Bohlender, Bela and Viehmann, Christina and Hane, Vincent and Adamson, Yanik and Khuri, Jaber and Brossmann, Jonas and Pfeiffer, Jonas and Gurevych, Iryna},
  date = {2022-02-10},
  eprint = {2108.08103},
  eprinttype = {arxiv},
  primaryclass = {cs},
  url = {http://arxiv.org/abs/2108.08103},
  urldate = {2022-04-11},
  archiveprefix = {arXiv}
}

@article{Bengio2003,
  title = {A Neural Probabilistic Language Model},
  author = {Bengio, Yoshua and Ducharme, Réjean and Vincent, Pascal and Janvin, Christian},
  date = {2003-03},
  journaltitle = {Journal of Machine Learning Research},
  shortjournal = {J. Mach. Learn. Res.},
  volume = {3},
  pages = {1137--1155},
  publisher = {{JMLR.org}},
  issn = {1532-4435},
  issue = {null},
  issue_date = {3/1/2003},
  pagetotal = {19}
}

@inproceedings{Bianchi2021,
  title = {Pre-Training Is a Hot Topic: Contextualized Document Embeddings Improve Topic Coherence},
  shorttitle = {Pre-Training Is a Hot Topic},
  booktitle = {Proceedings of the 59th {{Annual Meeting}} of the {{Association}} for {{Computational Linguistics}} and the 11th {{International Joint Conference}} on {{Natural Language Processing}} ({{Volume}} 2: {{Short Papers}})},
  author = {Bianchi, Federico and Terragni, Silvia and Hovy, Dirk},
  date = {2021-08},
  pages = {759--766},
  publisher = {{Association for Computational Linguistics}},
  location = {{Online}},
  doi = {10/gm5656},
  url = {https://aclanthology.org/2021.acl-short.96},
  urldate = {2021-11-01},
  eventtitle = {{{ACL-IJCNLP}} 2021}
}

@inproceedings{Bordes2013,
  title = {Translating Embeddings for Modeling Multi-Relational Data},
  author = {Bordes, Antoine and Usunier, Nicolas and Garcia-Duran, Alberto and Weston, Jason and Yakhnenko, Oksana},
  date = {2013},
  pages = {9},
  eventtitle = {Advances in Neural Information Processing Systems},
  langid = {english}
}

@book{Boswell2011,
  title = {The Art of Readable Code},
  author = {Boswell, Dustin and Foucher, Trevor},
  date = {2011},
  series = {Theory in Practice},
  edition = {1st ed},
  publisher = {{O'Reilly}},
  location = {{Sebastopol, Calif}},
  isbn = {978-0-596-80229-5},
  pagetotal = {190}
}

@inproceedings{Brown2020,
  title = {Language Models Are Few-Shot Learners},
  booktitle = {Advances in Neural Information Processing Systems},
  author = {Brown, Tom and Mann, Benjamin and Ryder, Nick and Subbiah, Melanie and Kaplan, Jared D and Dhariwal, Prafulla and Neelakantan, Arvind and Shyam, Pranav and Sastry, Girish and Askell, Amanda and Agarwal, Sandhini and Herbert-Voss, Ariel and Krueger, Gretchen and Henighan, Tom and Child, Rewon and Ramesh, Aditya and Ziegler, Daniel and Wu, Jeffrey and Winter, Clemens and Hesse, Chris and Chen, Mark and Sigler, Eric and Litwin, Mateusz and Gray, Scott and Chess, Benjamin and Clark, Jack and Berner, Christopher and McCandlish, Sam and Radford, Alec and Sutskever, Ilya and Amodei, Dario},
  editor = {Larochelle, H. and Ranzato, M. and Hadsell, R. and Balcan, M. F. and Lin, H.},
  date = {2020},
  volume = {33},
  pages = {1877--1901},
  publisher = {{Curran Associates, Inc.}},
  url = {https://proceedings.neurips.cc/paper/2020/file/1457c0d6bfcb4967418bfb8ac142f64a-Paper.pdf}
}

@book{Bryant2016,
  title = {Computer Systems: A Programmer's Perspective},
  shorttitle = {Computer Systems},
  author = {Bryant, Randal E. and O'Hallaron, David},
  date = {2016},
  edition = {Third edition, global edition},
  publisher = {{Pearson Education}},
  location = {{Boston München}},
  isbn = {978-1-292-10176-7},
  langid = {english},
  pagetotal = {1120}
}

@inproceedings{Cai2020,
  title = {{{TinyTL}}: Reduce Memory, Not Parameters for Efficient on-Device Learning},
  shorttitle = {{{TinyTL}}},
  booktitle = {Advances in {{Neural Information Processing Systems}}},
  author = {Cai, Han and Gan, Chuang and Zhu, Ligeng and Han, Song},
  date = {2020},
  volume = {33},
  pages = {11285--11297},
  publisher = {{Curran Associates, Inc.}},
  url = {https://proceedings.neurips.cc/paper/2020/hash/81f7acabd411274fcf65ce2070ed568a-Abstract.html},
  urldate = {2022-04-08}
}

@inproceedings{Cao2021,
  title = {Knowledgeable or Educated Guess? {{Revisiting}} Language Models as Knowledge Bases},
  shorttitle = {Knowledgeable or Educated Guess?},
  booktitle = {Proceedings of the 59th {{Annual Meeting}} of the {{Association}} for {{Computational Linguistics}} and the 11th {{International Joint Conference}} on {{Natural Language Processing}} ({{Volume}} 1: {{Long Papers}})},
  author = {Cao, Boxi and Lin, Hongyu and Han, Xianpei and Sun, Le and Yan, Lingyong and Liao, Meng and Xue, Tong and Xu, Jin},
  date = {2021-08},
  pages = {1860--1874},
  publisher = {{Association for Computational Linguistics}},
  location = {{Online}},
  doi = {10/gmf9nn},
  url = {https://aclanthology.org/2021.acl-long.146},
  urldate = {2021-11-01},
  eventtitle = {{{ACL-IJCNLP}} 2021}
}

@inproceedings{Cao2021a,
  title = {Editing Factual Knowledge in Language Models},
  booktitle = {Proceedings of the 2021 {{Conference}} on {{Empirical Methods}} in {{Natural Language Processing}}},
  author = {Cao, Nicola De and Aziz, Wilker and Titov, Ivan},
  date = {2021-11},
  pages = {16},
  publisher = {{Association for Computational Linguistics}},
  location = {{Online and Punta Cana, Dominican Republic}},
  eventtitle = {{{EMNLP}} 2021},
  langid = {english}
}

@unpublished{Cao2021b,
  title = {Matrix Theory},
  author = {曹, 荣美},
  date = {2021-08}
}

@unpublished{Chen2021,
  title = {A Training-Free and Reference-Free Summarization Evaluation Metric via Centrality-Weighted Relevance and Self-Referenced Redundancy},
  author = {Chen, Wang and Li, Piji and King, Irwin},
  date = {2021-06-26},
  eprint = {2106.13945},
  eprinttype = {arxiv},
  primaryclass = {cs},
  url = {http://arxiv.org/abs/2106.13945},
  urldate = {2021-09-28},
  archiveprefix = {arXiv}
}

@unpublished{Chen2022,
  title = {Modular {{Domain Adaptation}}},
  author = {Chen, Junshen K. and Card, Dallas and Jurafsky, Dan},
  date = {2022-04-26},
  eprint = {2204.14213},
  eprinttype = {arxiv},
  primaryclass = {cs},
  url = {http://arxiv.org/abs/2204.14213},
  urldate = {2022-05-02},
  archiveprefix = {arXiv}
}

@unpublished{Choshen2022,
  title = {Fusing Finetuned Models for Better Pretraining},
  author = {Choshen, Leshem and Venezian, Elad and Slonim, Noam and Katz, Yoav},
  date = {2022-04-06},
  eprint = {2204.03044},
  eprinttype = {arxiv},
  primaryclass = {cs},
  url = {http://arxiv.org/abs/2204.03044},
  urldate = {2022-04-08},
  archiveprefix = {arXiv}
}

@article{chung2014,
  title = {Empirical Evaluation of Gated Recurrent Neural Networks on Sequence Modeling},
  author = {Chung, Junyoung and Gulcehre, Caglar and Cho, Kyunghyun and Bengio, Yoshua},
  date = {2014},
  journaltitle = {NIPS 2014 Workshop on Deep Learning, December 2014}
}

@unpublished{Chung2020,
  title = {Rethinking Embedding Coupling in Pre-Trained Language Models},
  author = {Chung, Hyung Won and Févry, Thibault and Tsai, Henry and Johnson, Melvin and Ruder, Sebastian},
  date = {2020-10-24},
  eprint = {2010.12821},
  eprinttype = {arxiv},
  primaryclass = {cs},
  doi = {10.48550/arxiv.2010.12821},
  url = {http://arxiv.org/abs/2010.12821},
  urldate = {2022-04-08},
  archiveprefix = {arXiv}
}

@unpublished{Clark2020,
  title = {{{ELECTRA}}: Pre-Training Text Encoders as Discriminators Rather than Generators},
  shorttitle = {{{ELECTRA}}},
  author = {Clark, Kevin and Luong, Minh-Thang and Le, Quoc V. and Manning, Christopher D.},
  date = {2020-03-23},
  eprint = {2003.10555},
  eprinttype = {arxiv},
  primaryclass = {cs},
  url = {http://arxiv.org/abs/2003.10555},
  urldate = {2022-03-05},
  archiveprefix = {arXiv}
}

@unpublished{Colon-Hernandez2021,
  title = {Combining Pre-Trained Language Models and Structured Knowledge},
  author = {Colon-Hernandez, Pedro and Havasi, Catherine and Alonso, Jason and Huggins, Matthew and Breazeal, Cynthia},
  date = {2021-02-05},
  eprint = {2101.12294},
  eprinttype = {arxiv},
  primaryclass = {cs},
  url = {http://arxiv.org/abs/2101.12294},
  urldate = {2022-03-09},
  archiveprefix = {arXiv}
}

@book{Cormen2009,
  title = {Introduction to Algorithms},
  editor = {Cormen, Thomas H.},
  date = {2009},
  edition = {3rd ed},
  publisher = {{MIT Press}},
  location = {{Cambridge, Mass}},
  isbn = {978-0-262-03384-8 978-0-262-53305-8},
  langid = {english},
  pagetotal = {1292}
}

@book{Cover2008,
  title = {信息论基础},
  author = {Cover, Thomas},
  date = {2008},
  series = {计算机科学丛书},
  publisher = {{机械工业出版社}},
  url = {https://books.google.com/books?id=RR17QwAACAAJ},
  isbn = {978-7-111-22040-4}
}

@article{Cremer,
  title = {A Very Minimal Introduction to Tik {{Z}}},
  author = {Cremer, Jacques},
  pages = {24},
  langid = {english}
}

@unpublished{Cui2019,
  title = {Pre-Training with Whole Word Masking for Chinese {{BERT}}},
  author = {Cui, Yiming and Che, Wanxiang and Liu, Ting and Qin, Bing and Yang, Ziqing and Wang, Shijin and Hu, Guoping},
  date = {2019-10-28},
  eprint = {1906.08101},
  eprinttype = {arxiv},
  primaryclass = {cs},
  url = {http://arxiv.org/abs/1906.08101},
  urldate = {2021-09-13},
  archiveprefix = {arXiv}
}

@unpublished{Cui2021,
  title = {Template-Based Named Entity Recognition Using {{BART}}},
  author = {Cui, Leyang and Wu, Yu and Liu, Jian and Yang, Sen and Zhang, Yue},
  date = {2021-06-03},
  eprint = {2106.01760},
  eprinttype = {arxiv},
  primaryclass = {cs},
  url = {http://arxiv.org/abs/2106.01760},
  urldate = {2021-08-14},
  archiveprefix = {arXiv}
}

@unpublished{Cui2022,
  title = {{{PERT}}: Pre-Training {{BERT}} with Permuted Language Model},
  shorttitle = {{{PERT}}},
  author = {Cui, Yiming and Yang, Ziqing and Liu, Ting},
  date = {2022-03-14},
  eprint = {2203.06906},
  eprinttype = {arxiv},
  primaryclass = {cs},
  url = {http://arxiv.org/abs/2203.06906},
  urldate = {2022-03-15},
  archiveprefix = {arXiv}
}

@unpublished{Dai2015,
  title = {Semi-Supervised Sequence Learning},
  author = {Dai, Andrew M. and Le, Quoc V.},
  date = {2015-11-04},
  eprint = {1511.01432},
  eprinttype = {arxiv},
  primaryclass = {cs},
  url = {http://arxiv.org/abs/1511.01432},
  urldate = {2021-10-08},
  archiveprefix = {arXiv}
}

@inproceedings{Das2021,
  title = {Case-Based Reasoning for Natural Language Queries over Knowledge Bases},
  booktitle = {Proceedings of the 2021 {{Conference}} on {{Empirical Methods}} in {{Natural Language Processing}}},
  author = {Das, Rajarshi and Zaheer, Manzil and Thai, Dung and Godbole, Ameya and Perez, Ethan and Lee, Jay Yoon and Tan, Lizhen and Polymenakos, Lazaros and McCallum, Andrew},
  date = {2021},
  pages = {9594--9611},
  publisher = {{Association for Computational Linguistics}},
  location = {{Online and Punta Cana, Dominican Republic}},
  doi = {10/gph2v8},
  url = {https://aclanthology.org/2021.emnlp-main.755},
  urldate = {2022-01-22},
  eventtitle = {Proceedings of the 2021 {{Conference}} on {{Empirical Methods}} in {{Natural Language Processing}}},
  langid = {english}
}

@unpublished{Das2022,
  title = {Knowledge Base Question Answering by Case-Based Reasoning over Subgraphs},
  author = {Das, Rajarshi and Godbole, Ameya and Naik, Ankita and Tower, Elliot and Jia, Robin and Zaheer, Manzil and Hajishirzi, Hannaneh and McCallum, Andrew},
  date = {2022-02-21},
  eprint = {2202.10610},
  eprinttype = {arxiv},
  primaryclass = {cs},
  url = {http://arxiv.org/abs/2202.10610},
  urldate = {2022-03-01},
  archiveprefix = {arXiv}
}

@inproceedings{Devlin2019,
  title = {{{BERT}}: Pre-Training of Deep Bidirectional Transformers for Language Understanding},
  booktitle = {Proceedings of the 2019 {{Conference}} of the {{North American Chapter}} of the {{Association}} for {{Computational Linguistics}}: {{Human Language Technologies}}, {{Volume}} 1 ({{Long}} and {{Short Papers}})},
  author = {Devlin, Jacob and Chang, Ming-Wei and Lee, Kenton and Toutanova, Kristina},
  date = {2019},
  pages = {4171--4186},
  publisher = {{Association for Computational Linguistics}},
  location = {{Minneapolis, Minnesota}},
  doi = {10/ggbwf6},
  url = {https://aclanthology.org/N19-1423}
}

@unpublished{Dhingra2020,
  title = {Differentiable Reasoning over a Virtual Knowledge Base},
  author = {Dhingra, Bhuwan and Zaheer, Manzil and Balachandran, Vidhisha and Neubig, Graham and Salakhutdinov, Ruslan and Cohen, William W.},
  date = {2020-02-24},
  eprint = {2002.10640},
  eprinttype = {arxiv},
  primaryclass = {cs},
  url = {http://arxiv.org/abs/2002.10640},
  urldate = {2022-03-05},
  archiveprefix = {arXiv}
}

@inproceedings{Ding2021,
  title = {Few-Nerd: A Few-Shot Named Entity Recognition Dataset},
  booktitle = {{{ACL-IJCNLP}}},
  author = {{Ding} and {Ning} and Xu, Guangwei and Chen, Yulin and Wang, Xiaobin and Han, Xu and Xie, Pengjun and Zheng, Hai-Tao and Liu, Zhiyuan},
  date = {2021},
  url = {https://arxiv.org/abs/2105.07464}
}

@report{DiQiJieQuanGuoRenMinDaiBiaoDaHuiChangWuWeiYuanHui1989,
  title = {关于制止动乱和平息反革命暴乱的决议},
  author = {第七届全国人民代表大会常务委员会},
  date = {1989-07-18}
}

@book{Djilas1983,
  title = {The New Class: An Analysis of the Communist System},
  shorttitle = {The New Class},
  author = {Djilas, Milovan},
  date = {1983},
  series = {A {{Harvest}}/{{HBJ}} Book},
  publisher = {{Harcourt Brace Jovanovich}},
  location = {{San Diego}},
  isbn = {978-0-15-665489-0},
  pagetotal = {214}
}

@unpublished{Doddapaneni2021,
  title = {A Primer on Pretrained Multilingual Language Models},
  author = {Doddapaneni, Sumanth and Ramesh, Gowtham and Kunchukuttan, Anoop and Kumar, Pratyush and Khapra, Mitesh M.},
  date = {2021-07-01},
  eprint = {2107.00676},
  eprinttype = {arxiv},
  primaryclass = {cs},
  url = {http://arxiv.org/abs/2107.00676},
  urldate = {2021-08-14},
  archiveprefix = {arXiv}
}

@book{Eisenstein2018,
  title = {Natural Language Processing},
  author = {Eisenstein, Jacob},
  date = {2018-11-13},
  langid = {english}
}

@inproceedings{Erhan2010,
  title = {Why Does Unsupervised Pre-Training Help Deep Learning?},
  booktitle = {Proceedings of the {{Thirteenth International Conference}} on {{Artificial Intelligence}} and {{Statistics}}},
  author = {Erhan, Dumitru and Courville, Aaron and Bengio, Yoshua and Vincent, Pascal},
  date = {2010-03-31},
  pages = {201--208},
  publisher = {{JMLR Workshop and Conference Proceedings}},
  issn = {1938-7228},
  url = {https://proceedings.mlr.press/v9/erhan10a.html},
  urldate = {2022-04-18},
  eventtitle = {Proceedings of the {{Thirteenth International Conference}} on {{Artificial Intelligence}} and {{Statistics}}},
  langid = {english}
}

@thesis{FengJunQi2010,
  title = {中县干部},
  author = {{冯军旗}},
  date = {2010},
  institution = {{北京大学}}
}

@report{Freeman2020,
  title = {How to Write a Good Paper},
  author = {Freeman, William T},
  date = {2020-06-14},
  pages = {34},
  langid = {english}
}

@unpublished{Fu2022,
  title = {{{AdapterBias}}: {{Parameter-efficient Token-dependent Representation Shift}} for {{Adapters}} in {{NLP Tasks}}},
  shorttitle = {{{AdapterBias}}},
  author = {Fu, Chin-Lun and Chen, Zih-Ching and Lee, Yun-Ru and Lee, Hung-yi},
  date = {2022-04-30},
  eprint = {2205.00305},
  eprinttype = {arxiv},
  primaryclass = {cs},
  url = {http://arxiv.org/abs/2205.00305},
  urldate = {2022-05-03},
  archiveprefix = {arXiv}
}

@unpublished{Galke2022,
  title = {Emergent Communication for Understanding Human Language Evolution: What's Missing?},
  shorttitle = {Emergent Communication for Understanding Human Language Evolution},
  author = {Galke, Lukas and Ram, Yoav and Raviv, Limor},
  date = {2022-04-22},
  eprint = {2204.10590},
  eprinttype = {arxiv},
  primaryclass = {cs},
  url = {http://arxiv.org/abs/2204.10590},
  urldate = {2022-04-26},
  archiveprefix = {arXiv}
}

@inproceedings{Gao2021,
  title = {Making Pre-Trained Language Models Better Few-Shot Learners},
  booktitle = {Proceedings of the 59th {{Annual Meeting}} of the {{Association}} for {{Computational Linguistics}} and the 11th {{International Joint Conference}} on {{Natural Language Processing}} ({{Volume}} 1: {{Long Papers}})},
  author = {Gao, Tianyu and Fisch, Adam and Chen, Danqi},
  date = {2021},
  pages = {3816--3830},
  publisher = {{Association for Computational Linguistics}},
  location = {{Online}},
  doi = {10/gmf9kr},
  url = {https://aclanthology.org/2021.acl-long.295},
  urldate = {2021-11-01},
  eventtitle = {Proceedings of the 59th {{Annual Meeting}} of the {{Association}} for {{Computational Linguistics}} and the 11th {{International Joint Conference}} on {{Natural Language Processing}} ({{Volume}} 1: {{Long Papers}})},
  langid = {english}
}

@inproceedings{Gao2021a,
  title = {{{SimCSE}}: Simple Contrastive Learning of Sentence Embeddings},
  shorttitle = {{{SimCSE}}},
  booktitle = {Proceedings of the 2021 {{Conference}} on {{Empirical Methods}} in {{Natural Language Processing}}},
  author = {Gao, Tianyu and Yao, Xingcheng and Chen, Danqi},
  date = {2021-11},
  pages = {6894--6910},
  publisher = {{Association for Computational Linguistics}},
  location = {{Online and Punta Cana, Dominican Republic}},
  doi = {10/gn4vs2},
  url = {https://aclanthology.org/2021.emnlp-main.552},
  urldate = {2022-01-22},
  eventtitle = {{{EMNLP}} 2021}
}

@article{Garg2013,
  title = {Aircraft Turbine Engine Control Research at {{NASA}} Glenn Research Center},
  author = {Garg, Sanjay},
  date = {2013-04},
  journaltitle = {Journal of Aerospace Engineering},
  shortjournal = {J. Aerosp. Eng.},
  volume = {26},
  number = {2},
  pages = {422--438},
  issn = {0893-1321, 1943-5525},
  doi = {10.1061/(ASCE)AS.1943-5525.0000296},
  url = {http://ascelibrary.org/doi/10.1061/%28ASCE%29AS.1943-5525.0000296},
  urldate = {2022-04-26},
  langid = {english}
}

@inproceedings{Geva2021,
  title = {Transformer Feed-Forward Layers Are Key-Value Memories},
  booktitle = {Proceedings of the 2021 {{Conference}} on {{Empirical Methods}} in {{Natural Language Processing}}},
  author = {Geva, Mor and Schuster, Roei and Berant, Jonathan and Levy, Omer},
  date = {2021},
  pages = {5484--5495},
  publisher = {{Association for Computational Linguistics}},
  location = {{Online and Punta Cana, Dominican Republic}},
  doi = {10.18653/v1/2021.emnlp-main.446},
  url = {https://aclanthology.org/2021.emnlp-main.446},
  urldate = {2022-03-28},
  eventtitle = {{{EMNLP}} 2021}
}

@unpublished{Giorgi2019,
  title = {End-to-End Named Entity Recognition and Relation Extraction Using Pre-Trained Language Models},
  author = {Giorgi, John and Wang, Xindi and Sahar, Nicola and Shin, Won Young and Bader, Gary D. and Wang, Bo},
  date = {2019-12-20},
  eprint = {1912.13415},
  eprinttype = {arxiv},
  primaryclass = {cs},
  url = {http://arxiv.org/abs/1912.13415},
  urldate = {2021-10-14},
  archiveprefix = {arXiv},
  version = {1}
}

@inproceedings{Gou2021,
  title = {Contextualize Knowledge Bases with Transformer for End-to-End Task-Oriented Dialogue Systems},
  booktitle = {Proceedings of the 2021 {{Conference}} on {{Empirical Methods}} in {{Natural Language Processing}}},
  author = {Gou, Yanjie and Lei, Yinjie and Liu, Lingqiao and Dai, Yong and Shen, Chunxu},
  date = {2021-11},
  pages = {4300--4310},
  publisher = {{Association for Computational Linguistics}},
  location = {{Online and Punta Cana, Dominican Republic}},
  doi = {10/gprg92},
  url = {https://aclanthology.org/2021.emnlp-main.353},
  urldate = {2022-01-22},
  eventtitle = {{{EMNLP}} 2021}
}

@unpublished{Gu2022,
  title = {Vision-and-Language Navigation: A Survey of Tasks, Methods, and Future Directions},
  shorttitle = {Vision-and-Language Navigation},
  author = {Gu, Jing and Stefani, Eliana and Wu, Qi and Thomason, Jesse and Wang, Xin Eric},
  date = {2022-03-22},
  eprint = {2203.12667},
  eprinttype = {arxiv},
  primaryclass = {cs},
  url = {http://arxiv.org/abs/2203.12667},
  urldate = {2022-03-25},
  archiveprefix = {arXiv}
}

@unpublished{Guo2021,
  title = {Parameter-Efficient Transfer Learning with Diff Pruning},
  author = {Guo, Demi and Rush, Alexander M. and Kim, Yoon},
  date = {2021-06-09},
  eprint = {2012.07463},
  eprinttype = {arxiv},
  primaryclass = {cs},
  url = {http://arxiv.org/abs/2012.07463},
  urldate = {2022-04-06},
  archiveprefix = {arXiv}
}

@unpublished{Gupta2022,
  title = {Diagonal State Spaces Are as Effective as Structured State Spaces},
  author = {Gupta, Ankit},
  date = {2022-03-27},
  eprint = {2203.14343},
  eprinttype = {arxiv},
  primaryclass = {cs},
  url = {http://arxiv.org/abs/2203.14343},
  urldate = {2022-03-29},
  archiveprefix = {arXiv}
}

@unpublished{Han2018,
  title = {{{FewRel}}: A Large-Scale Supervised Few-Shot Relation Classification Dataset with State-of-the-Art Evaluation},
  author = {Han, Xu and Zhu, Hao and Yu, Pengfei and Wang, Ziyun and Yao, Yuan and Liu, Zhiyuan and Sun, Maosong},
  date = {2018},
  eprint = {1810.10147},
  eprinttype = {arxiv},
  archiveprefix = {arXiv}
}

@unpublished{Han2021,
  title = {Pre-Trained Models: Past, Present and Future},
  shorttitle = {Pre-Trained Models},
  author = {Han, Xu and Zhang, Zhengyan and Ding, Ning and Gu, Yuxian and Liu, Xiao and Huo, Yuqi and Qiu, Jiezhong and Yao, Yuan and Zhang, Ao and Zhang, Liang and Han, Wentao and Huang, Minlie and Jin, Qin and Lan, Yanyan and Liu, Yang and Liu, Zhiyuan and Lu, Zhiwu and Qiu, Xipeng and Song, Ruihua and Tang, Jie and Wen, Ji-Rong and Yuan, Jinhui and Zhao, Wayne Xin and Zhu, Jun},
  date = {2021-08-11},
  eprint = {2106.07139},
  eprinttype = {arxiv},
  primaryclass = {cs},
  url = {http://arxiv.org/abs/2106.07139},
  urldate = {2021-08-14},
  archiveprefix = {arXiv}
}

@inproceedings{He2016,
  title = {Deep Residual Learning for Image Recognition},
  booktitle = {2016 {{IEEE Conference}} on {{Computer Vision}} and {{Pattern Recognition}} ({{CVPR}})},
  author = {He, Kaiming and Zhang, Xiangyu and Ren, Shaoqing and Sun, Jian},
  date = {2016-06},
  pages = {770--778},
  issn = {1063-6919},
  doi = {10/gdcfkn},
  eventtitle = {2016 {{IEEE Conference}} on {{Computer Vision}} and {{Pattern Recognition}} ({{CVPR}})}
}

@inproceedings{He2020,
  title = {{{BERT-MK}}: Integrating Graph Contextualized Knowledge into Pre-Trained Language Models},
  shorttitle = {{{BERT-MK}}},
  booktitle = {Findings of the {{Association}} for {{Computational Linguistics}}: {{EMNLP}} 2020},
  author = {He, Bin and Zhou, Di and Xiao, Jinghui and Jiang, Xin and Liu, Qun and Yuan, Nicholas Jing and Xu, Tong},
  date = {2020-11},
  pages = {2281--2290},
  publisher = {{Association for Computational Linguistics}},
  location = {{Online}},
  doi = {10/ghxdzs},
  url = {https://aclanthology.org/2020.findings-emnlp.207},
  urldate = {2021-11-02},
  eventtitle = {{{EMNLP-Findings}} 2020}
}

@unpublished{He2021,
  title = {Integrating Graph Contextualized Knowledge into Pre-Trained Language Models},
  author = {He, Bin and Zhou, Di and Xiao, Jinghui and {jiang}, Xin and Liu, Qun and Yuan, Nicholas Jing and Xu, Tong},
  date = {2021-09-29},
  eprint = {1912.00147},
  eprinttype = {arxiv},
  primaryclass = {cs},
  url = {http://arxiv.org/abs/1912.00147},
  urldate = {2022-03-10},
  archiveprefix = {arXiv}
}

@inproceedings{He2021a,
  title = {{{DeBERTa}}: Decoding-Enhanced {{BERT}} with Disentangled Attention},
  booktitle = {2021 International Conference on Learning Representations},
  author = {He, Pengcheng and Liu, Xiaodong and Gao, Jianfeng and Chen, Wei},
  date = {2021-05},
  url = {https://www.microsoft.com/en-us/research/publication/deberta-decoding-enhanced-bert-with-disentangled-attention-2/}
}

@unpublished{He2022,
  title = {Towards a Unified View of Parameter-Efficient Transfer Learning},
  author = {He, Junxian and Zhou, Chunting and Ma, Xuezhe and Berg-Kirkpatrick, Taylor and Neubig, Graham},
  date = {2022-02-02},
  eprint = {2110.04366},
  eprinttype = {arxiv},
  primaryclass = {cs},
  url = {http://arxiv.org/abs/2110.04366},
  urldate = {2022-03-24},
  archiveprefix = {arXiv}
}

@unpublished{He2022a,
  title = {Infusing Knowledge from Wikipedia to Enhance Stance Detection},
  author = {He, Zihao and Mokhberian, Negar and Lerman, Kristina},
  date = {2022-04-08},
  eprint = {2204.03839},
  eprinttype = {arxiv},
  primaryclass = {cs},
  url = {http://arxiv.org/abs/2204.03839},
  urldate = {2022-04-11},
  archiveprefix = {arXiv}
}

@unpublished{Hedderich2021,
  title = {A Survey on Recent Approaches for Natural Language Processing in Low-Resource Scenarios},
  author = {Hedderich, Michael A. and Lange, Lukas and Adel, Heike and Strötgen, Jannik and Klakow, Dietrich},
  date = {2021-04-09},
  eprint = {2010.12309},
  eprinttype = {arxiv},
  primaryclass = {cs},
  url = {http://arxiv.org/abs/2010.12309},
  urldate = {2021-08-10},
  archiveprefix = {arXiv}
}

@article{Hochreiter1997,
  title = {Long Short-Term Memory},
  author = {Hochreiter, Sepp and Schmidhuber, Jürgen},
  date = {1997},
  journaltitle = {Neural Computation},
  volume = {9},
  number = {8},
  pages = {1735--1780},
  issn = {0899-7667},
  doi = {10.1162/neco.1997.9.8.1735},
  eventtitle = {Neural {{Computation}}}
}

@unpublished{Houlsby2019,
  title = {Parameter-Efficient Transfer Learning for {{NLP}}},
  author = {Houlsby, Neil and Giurgiu, Andrei and Jastrzebski, Stanislaw and Morrone, Bruna and de Laroussilhe, Quentin and Gesmundo, Andrea and Attariyan, Mona and Gelly, Sylvain},
  options = {useprefix=true},
  date = {2019-06-13},
  eprint = {1902.00751},
  eprinttype = {arxiv},
  primaryclass = {cs, stat},
  url = {http://arxiv.org/abs/1902.00751},
  urldate = {2021-12-31},
  archiveprefix = {arXiv}
}

@inproceedings{Howard2018,
  title = {Universal Language Model Fine-Tuning for Text Classification},
  booktitle = {Proceedings of the 56th {{Annual Meeting}} of the {{Association}} for {{Computational Linguistics}} ({{Volume}} 1: {{Long Papers}})},
  author = {Howard, Jeremy and Ruder, Sebastian},
  date = {2018-07},
  pages = {328--339},
  publisher = {{Association for Computational Linguistics}},
  location = {{Melbourne, Australia}},
  doi = {10/ggsc9c},
  url = {https://aclanthology.org/P18-1031},
  urldate = {2021-11-02},
  eventtitle = {{{ACL}} 2018}
}

@inproceedings{Hu2021,
  title = {{{R2D2}}: Recursive Transformer Based on Differentiable Tree for Interpretable Hierarchical Language Modeling},
  shorttitle = {{{R2D2}}},
  booktitle = {Proceedings of the 59th {{Annual Meeting}} of the {{Association}} for {{Computational Linguistics}} and the 11th {{International Joint Conference}} on {{Natural Language Processing}} ({{Volume}} 1: {{Long Papers}})},
  author = {Hu, Xiang and Mi, Haitao and Wen, Zujie and Wang, Yafang and Su, Yi and Zheng, Jing and de Melo, Gerard},
  options = {useprefix=true},
  date = {2021},
  pages = {4897--4908},
  publisher = {{Association for Computational Linguistics}},
  location = {{Online}},
  doi = {10/gmf9wj},
  url = {https://aclanthology.org/2021.acl-long.379},
  urldate = {2021-11-01},
  eventtitle = {Proceedings of the 59th {{Annual Meeting}} of the {{Association}} for {{Computational Linguistics}} and the 11th {{International Joint Conference}} on {{Natural Language Processing}} ({{Volume}} 1: {{Long Papers}})},
  langid = {english}
}

@unpublished{Hu2021a,
  title = {{{LoRA}}: Low-Rank Adaptation of Large Language Models},
  shorttitle = {{{LoRA}}},
  author = {Hu, Edward J. and Shen, Yelong and Wallis, Phillip and Allen-Zhu, Zeyuan and Li, Yuanzhi and Wang, Shean and Wang, Lu and Chen, Weizhu},
  date = {2021-10-16},
  eprint = {2106.09685},
  eprinttype = {arxiv},
  primaryclass = {cs},
  url = {http://arxiv.org/abs/2106.09685},
  urldate = {2022-03-24},
  archiveprefix = {arXiv}
}

@inproceedings{Huang2021,
  title = {{{GhostBERT}}: Generate More Features with Cheap Operations for {{BERT}}},
  shorttitle = {{{GhostBERT}}},
  booktitle = {Proceedings of the 59th {{Annual Meeting}} of the {{Association}} for {{Computational Linguistics}} and the 11th {{International Joint Conference}} on {{Natural Language Processing}} ({{Volume}} 1: {{Long Papers}})},
  author = {Huang, Zhiqi and Hou, Lu and Shang, Lifeng and Jiang, Xin and Chen, Xiao and Liu, Qun},
  date = {2021-08},
  pages = {6512--6523},
  publisher = {{Association for Computational Linguistics}},
  location = {{Online}},
  doi = {10/gmf9x4},
  url = {https://aclanthology.org/2021.acl-long.509},
  urldate = {2021-11-01},
  eventtitle = {{{ACL-IJCNLP}} 2021}
}

@unpublished{Huang2021a,
  title = {Document-Level Entity-Based Extraction as Template Generation},
  author = {Huang, Kung-Hsiang and Tang, Sam and Peng, Nanyun},
  date = {2021-09-10},
  eprint = {2109.04901},
  eprinttype = {arxiv},
  primaryclass = {cs},
  url = {http://arxiv.org/abs/2109.04901},
  urldate = {2021-12-19},
  archiveprefix = {arXiv}
}

@inproceedings{Huang2021b,
  title = {Unseen Entity Handling in Complex Question Answering over Knowledge Base via Language Generation},
  booktitle = {Findings of the {{Association}} for {{Computational Linguistics}}: {{EMNLP}} 2021},
  author = {Huang, Xin and Kim, Jung-Jae and Zou, Bowei},
  date = {2021},
  pages = {547--557},
  publisher = {{Association for Computational Linguistics}},
  location = {{Punta Cana, Dominican Republic}},
  doi = {10/gph2v9},
  url = {https://aclanthology.org/2021.findings-emnlp.50},
  urldate = {2022-01-22},
  eventtitle = {Findings of the {{Association}} for {{Computational Linguistics}}: {{EMNLP}} 2021},
  langid = {english}
}

@inproceedings{Ioffe2015,
  title = {Batch Normalization: Accelerating Deep Network Training by Reducing Internal Covariate Shift},
  shorttitle = {Batch Normalization},
  booktitle = {Proceedings of the 32nd {{International Conference}} on {{Machine Learning}}},
  author = {Ioffe, Sergey and Szegedy, Christian},
  date = {2015-06-01},
  pages = {448--456},
  publisher = {{PMLR}},
  issn = {1938-7228},
  url = {https://proceedings.mlr.press/v37/ioffe15.html},
  urldate = {2022-04-17},
  eventtitle = {International {{Conference}} on {{Machine Learning}}},
  langid = {english}
}

@unpublished{Jain2022,
  title = {Discovering Fine-Grained Semantics in Knowledge Graph Relations},
  author = {Jain, Nitisha and Krestel, Ralf},
  date = {2022-02-17},
  eprint = {2202.08917},
  eprinttype = {arxiv},
  primaryclass = {cs},
  url = {http://arxiv.org/abs/2202.08917},
  urldate = {2022-03-01},
  archiveprefix = {arXiv}
}

@inproceedings{Jiang2021,
  title = {A Fine-Grained Domain Adaption Model for Joint Word Segmentation and {{POS}} Tagging},
  booktitle = {Proceedings of the 2021 {{Conference}} on {{Empirical Methods}} in {{Natural Language Processing}}},
  author = {Jiang, Peijie and Long, Dingkun and Sun, Yueheng and Zhang, Meishan and Xu, Guangwei and Xie, Pengjun},
  date = {2021},
  pages = {3587--3598},
  publisher = {{Association for Computational Linguistics}},
  location = {{Online and Punta Cana, Dominican Republic}},
  doi = {10/gntnrp},
  url = {https://aclanthology.org/2021.emnlp-main.291},
  urldate = {2021-12-19},
  eventtitle = {Proceedings of the 2021 {{Conference}} on {{Empirical Methods}} in {{Natural Language Processing}}},
  langid = {english}
}

@unpublished{Jiang2022,
  title = {{{BERTVision}} -- a Parameter-Efficient Approach for Question Answering},
  author = {Jiang, Siduo and Benge, Cristopher and King, William Casey},
  date = {2022-02-24},
  eprint = {2202.12210},
  eprinttype = {arxiv},
  primaryclass = {cs},
  doi = {10.48550/arXiv.2202.12210},
  url = {http://arxiv.org/abs/2202.12210},
  urldate = {2022-03-01},
  archiveprefix = {arXiv}
}

@unpublished{Jin2022,
  title = {Automatic Identification and Classification of Bragging in Social Media},
  author = {Jin, Mali and Preoţiuc-Pietro, Daniel and Doğruöz, A. Seza and Aletras, Nikolaos},
  date = {2022-03-11},
  eprint = {2203.05840},
  eprinttype = {arxiv},
  primaryclass = {cs},
  url = {http://arxiv.org/abs/2203.05840},
  urldate = {2022-03-14},
  archiveprefix = {arXiv}
}

@unpublished{Jin2022a,
  title = {Leveraging Visual Knowledge in Language Tasks: An Empirical Study on Intermediate Pre-Training for Cross-Modal Knowledge Transfer},
  shorttitle = {Leveraging Visual Knowledge in Language Tasks},
  author = {Jin, Woojeong and Lee, Dong-Ho and Zhu, Chenguang and Pujara, Jay and Ren, Xiang},
  date = {2022-03-14},
  eprint = {2203.07519},
  eprinttype = {arxiv},
  primaryclass = {cs},
  url = {http://arxiv.org/abs/2203.07519},
  urldate = {2022-03-16},
  archiveprefix = {arXiv}
}

@unpublished{Joshi2020,
  title = {{{SpanBERT}}: Improving Pre-Training by Representing and Predicting Spans},
  shorttitle = {{{SpanBERT}}},
  author = {Joshi, Mandar and Chen, Danqi and Liu, Yinhan and Weld, Daniel S. and Zettlemoyer, Luke and Levy, Omer},
  date = {2020-01-17},
  eprint = {1907.10529},
  eprinttype = {arxiv},
  primaryclass = {cs},
  url = {http://arxiv.org/abs/1907.10529},
  urldate = {2021-09-16},
  archiveprefix = {arXiv}
}

@unpublished{Jurafsky2021,
  title = {Speech and Language Processing(the 3rd Edition)},
  author = {Jurafsky, Daniel and Martin, James H.},
  date = {2021-09-21}
}

@unpublished{Kang2022,
  title = {{{KALA}}: Knowledge-Augmented Language Model Adaptation},
  shorttitle = {{{KALA}}},
  author = {Kang, Minki and Baek, Jinheon and Hwang, Sung Ju},
  date = {2022-04-22},
  eprint = {2204.10555},
  eprinttype = {arxiv},
  primaryclass = {cs},
  url = {http://arxiv.org/abs/2204.10555},
  urldate = {2022-04-26},
  archiveprefix = {arXiv}
}

@unpublished{Karamcheti2021,
  title = {Mind Your Outliers! {{Investigating}} the Negative Impact of Outliers on Active Learning for Visual Question Answering},
  author = {Karamcheti, Siddharth and Krishna, Ranjay and Fei-Fei, Li and Manning, Christopher D.},
  date = {2021-07-05},
  eprint = {2107.02331},
  eprinttype = {arxiv},
  primaryclass = {cs},
  url = {http://arxiv.org/abs/2107.02331},
  urldate = {2021-09-15},
  archiveprefix = {arXiv}
}

@inproceedings{KarimiMahabadi2021,
  title = {Compacter: Efficient Low-Rank Hypercomplex Adapter Layers},
  shorttitle = {Compacter},
  booktitle = {Advances in {{Neural Information Processing Systems}}},
  author = {Karimi Mahabadi, Rabeeh and Henderson, James and Ruder, Sebastian},
  date = {2021},
  volume = {34},
  pages = {1022--1035},
  publisher = {{Curran Associates, Inc.}},
  url = {https://proceedings.neurips.cc/paper/2021/hash/081be9fdff07f3bc808f935906ef70c0-Abstract.html},
  urldate = {2022-04-07}
}

@inproceedings{KarimiMahabadi2021a,
  title = {Parameter-Efficient Multi-Task Fine-Tuning for Transformers via Shared Hypernetworks},
  booktitle = {Proceedings of the 59th {{Annual Meeting}} of the {{Association}} for {{Computational Linguistics}} and the 11th {{International Joint Conference}} on {{Natural Language Processing}} ({{Volume}} 1: {{Long Papers}})},
  author = {Karimi Mahabadi, Rabeeh and Ruder, Sebastian and Dehghani, Mostafa and Henderson, James},
  date = {2021},
  pages = {565--576},
  publisher = {{Association for Computational Linguistics}},
  location = {{Online}},
  doi = {10.18653/v1/2021.acl-long.47},
  url = {https://aclanthology.org/2021.acl-long.47},
  urldate = {2022-04-08},
  eventtitle = {{{ACL-IJCNLP}} 2021}
}

@book{KeNuTe2002,
  title = {计算机程序设计艺术. 第1卷, 基本算法（第三版）},
  shorttitle = {计算机程序设计艺术},
  author = {克努特, D.E and Knuth, Donald E and {苏运霖}},
  date = {2002},
  publisher = {{国防工业出版社}},
  location = {{北京}},
  isbn = {978-7-118-02799-0},
  langid = {chinese}
}

@book{KeNuTe2002a,
  title = {计算机程序设计艺术. 第3卷, 排序与查找（第二版）},
  author = {{克努特} and Knuth, Donald E and {苏运霖}},
  date = {2002},
  publisher = {{国防工业出版社}},
  location = {{北京}},
  isbn = {978-7-118-02812-6},
  langid = {chinese}
}

@book{Knuth2002,
  title = {计算机程序设计艺术. 第2卷, 半数值算法（第三版）},
  shorttitle = {计算机程序设计艺术},
  author = {{Knuth} and {苏运霖}},
  date = {2002},
  publisher = {{国防工业出版社}},
  location = {{北京}},
  isbn = {978-7-118-02707-5},
  langid = {chinese}
}

@inproceedings{Kong2020,
  title = {A {{MUTUAL INFORMATION MAXIMIZATION PERSPEC- TIVE OF LANGUAGE REPRESENTATION LEARNING}}},
  author = {Kong, Lingpeng and Yogatama, Dani},
  date = {2020},
  pages = {12},
  publisher = {{ICLR2020}},
  url = {https://openreview.net/forum?id=Syx79eBKwr},
  eventtitle = {{{ICLR}}},
  langid = {english}
}

@book{Kurose2017,
  title = {Computer Networking: A Top-down Approach},
  shorttitle = {Computer Networking},
  author = {Kurose, James F. and Ross, Keith W.},
  date = {2017},
  edition = {Seventh edition},
  publisher = {{Pearson}},
  location = {{Boston}},
  isbn = {978-0-13-359414-0},
  langid = {english},
  pagetotal = {824}
}

@misc{labml,
  title = {Labml.Ai Annotated Paper Implementations},
  author = {Varuna Jayasiri, Nipun Wijerathne},
  date = {2020},
  url = {https://nn.labml.ai/}
}

@unpublished{Lan2020,
  title = {{{ALBERT}}: A Lite {{BERT}} for Self-Supervised Learning of Language Representations},
  shorttitle = {{{ALBERT}}},
  author = {Lan, Zhenzhong and Chen, Mingda and Goodman, Sebastian and Gimpel, Kevin and Sharma, Piyush and Soricut, Radu},
  date = {2020-02-08},
  eprint = {1909.11942},
  eprinttype = {arxiv},
  primaryclass = {cs},
  url = {http://arxiv.org/abs/1909.11942},
  urldate = {2021-09-13},
  archiveprefix = {arXiv}
}

@unpublished{Lee2022,
  title = {Plug-and-Play Adaptation for Continuously-Updated {{QA}}},
  author = {Lee, Kyungjae and Han, Wookje and Hwang, Seung-won and Lee, Hwaran and Park, Joonsuk and Lee, Sang-Woo},
  date = {2022-04-27},
  eprint = {2204.12785},
  eprinttype = {arxiv},
  primaryclass = {cs},
  url = {http://arxiv.org/abs/2204.12785},
  urldate = {2022-04-28},
  archiveprefix = {arXiv}
}

@misc{Lehman,
  title = {The Biblatex Package},
  author = {Lehman, Philipp and Kime, Philip and Wemheuer, Moritz},
  langid = {english}
}

@inproceedings{Lester2021,
  title = {The Power of Scale for Parameter-Efficient Prompt Tuning},
  booktitle = {Proceedings of the 2021 {{Conference}} on {{Empirical Methods}} in {{Natural Language Processing}}},
  author = {Lester, Brian and Al-Rfou, Rami and Constant, Noah},
  date = {2021-11},
  pages = {15},
  publisher = {{Association for Computational Linguistics}},
  location = {{Online and Punta Cana, Dominican Republic}},
  eventtitle = {{{EMNLP}} 2021},
  langid = {english}
}

@unpublished{Lewis2019,
  title = {{{BART}}: Denoising Sequence-to-Sequence Pre-Training for Natural Language Generation, Translation, and Comprehension},
  shorttitle = {{{BART}}},
  author = {Lewis, Mike and Liu, Yinhan and Goyal, Naman and Ghazvininejad, Marjan and Mohamed, Abdelrahman and Levy, Omer and Stoyanov, Ves and Zettlemoyer, Luke},
  date = {2019-10-29},
  eprint = {1910.13461},
  eprinttype = {arxiv},
  primaryclass = {cs, stat},
  url = {http://arxiv.org/abs/1910.13461},
  urldate = {2021-08-15},
  archiveprefix = {arXiv}
}

@inproceedings{Li2020,
  title = {Rigid Formats Controlled Text Generation},
  booktitle = {Proceedings of the 58th Annual Meeting of the Association for Computational Linguistics},
  author = {Li, Piji and Zhang, Haisong and Liu, Xiaojiang and Shi, Shuming},
  date = {2020-07},
  pages = {742--751},
  publisher = {{Association for Computational Linguistics}},
  location = {{Online}},
  doi = {10/gm5vjq},
  url = {https://www.aclweb.org/anthology/2020.acl-main.68}
}

@inproceedings{Li2021,
  title = {Tail-to-Tail Non-Autoregressive Sequence Prediction for Chinese Grammatical Error Correction},
  author = {Li, Piji and Shi, Shuming},
  date = {2021-06-20},
  eprint = {2106.01609},
  eprinttype = {arxiv},
  primaryclass = {cs},
  publisher = {{Association for Computational Linguistics}},
  location = {{Online}},
  url = {http://arxiv.org/abs/2106.01609},
  urldate = {2021-09-28},
  archiveprefix = {arXiv},
  eventtitle = {Proceedings of the 59th {{Annual Meeting}} of the {{Association}} for {{Computational Linguistics}} and the 11th {{International Joint Conference}} on {{Natural Language Processing}} ({{Volume}} 1: {{Long Papers}})}
}

@inproceedings{Li2021a,
  title = {Pre-Training Universal Language Representation},
  booktitle = {Proceedings of the 59th {{Annual Meeting}} of the {{Association}} for {{Computational Linguistics}} and the 11th {{International Joint Conference}} on {{Natural Language Processing}} ({{Volume}} 1: {{Long Papers}})},
  author = {Li, Yian and Zhao, Hai},
  date = {2021-08},
  pages = {5122--5133},
  publisher = {{Association for Computational Linguistics}},
  location = {{Online}},
  doi = {10/gmf9vq},
  url = {https://aclanthology.org/2021.acl-long.398},
  urldate = {2021-11-01},
  eventtitle = {{{ACL-IJCNLP}} 2021}
}

@unpublished{Li2021b,
  title = {Empirical Analysis of Unlabeled Entity Problem in Named Entity Recognition},
  author = {Li, Yangming and Liu, Lemao and Shi, Shuming},
  date = {2021-03-18},
  eprint = {2012.05426},
  eprinttype = {arxiv},
  primaryclass = {cs},
  url = {http://arxiv.org/abs/2012.05426},
  urldate = {2021-11-01},
  archiveprefix = {arXiv},
  langid = {english}
}

@inproceedings{Li2021c,
  title = {Prefix-Tuning: Optimizing Continuous Prompts for Generation},
  shorttitle = {Prefix-Tuning},
  booktitle = {Proceedings of the 59th {{Annual Meeting}} of the {{Association}} for {{Computational Linguistics}} and the 11th {{International Joint Conference}} on {{Natural Language Processing}} ({{Volume}} 1: {{Long Papers}})},
  author = {Li, Xiang Lisa and Liang, Percy},
  date = {2021},
  pages = {4582--4597},
  publisher = {{Association for Computational Linguistics}},
  location = {{Online}},
  doi = {10.18653/v1/2021.acl-long.353},
  url = {https://aclanthology.org/2021.acl-long.353},
  urldate = {2022-03-27},
  eventtitle = {{{ACL-IJCNLP}} 2021}
}

@unpublished{Li2022,
  title = {{{UCTopic}}: Unsupervised Contrastive Learning for Phrase Representations and Topic Mining},
  shorttitle = {{{UCTopic}}},
  author = {Li, Jiacheng and Shang, Jingbo and McAuley, Julian},
  date = {2022-02-27},
  eprint = {2202.13469},
  eprinttype = {arxiv},
  primaryclass = {cs},
  url = {http://arxiv.org/abs/2202.13469},
  urldate = {2022-03-04},
  archiveprefix = {arXiv}
}

@unpublished{Li2022a,
  title = {Cross-Lingual Inference with a Chinese Entailment Graph},
  author = {Li, Tianyi and Weber, Sabine and Hosseini, Mohammad Javad and Guillou, Liane and Steedman, Mark},
  date = {2022-03-11},
  eprint = {2203.06264},
  eprinttype = {arxiv},
  primaryclass = {cs},
  url = {http://arxiv.org/abs/2203.06264},
  urldate = {2022-03-15},
  archiveprefix = {arXiv}
}

@inproceedings{Liang2020,
  title = {{{BOND}}: {{BERT-assisted}} Open-Domain Named Entity Recognition with Distant Supervision},
  shorttitle = {{{BOND}}},
  booktitle = {Proceedings of the 26th {{ACM SIGKDD International Conference}} on {{Knowledge Discovery}} \& {{Data Mining}}},
  author = {Liang, Chen and Yu, Yue and Jiang, Haoming and Er, Siawpeng and Wang, Ruijia and Zhao, Tuo and Zhang, Chao},
  date = {2020-08-23},
  series = {{{KDD}} '20},
  pages = {1054--1064},
  publisher = {{Association for Computing Machinery}},
  location = {{New York, NY, USA}},
  doi = {10/gg9w87},
  url = {https://doi.org/10.1145/3394486.3403149},
  urldate = {2021-12-20},
  isbn = {978-1-4503-7998-4}
}

@inproceedings{Liang2021,
  title = {A Semantic Filter Based on Relations for Knowledge Graph Completion},
  booktitle = {Proceedings of the 2021 {{Conference}} on {{Empirical Methods}} in {{Natural Language Processing}}},
  author = {Liang, Zongwei and Yang, Junan and Liu, Hui and Huang, Keju},
  date = {2021-11},
  pages = {7920--7929},
  publisher = {{Association for Computational Linguistics}},
  location = {{Online and Punta Cana, Dominican Republic}},
  url = {https://aclanthology.org/2021.emnlp-main.625},
  urldate = {2021-11-27},
  eventtitle = {{{EMNLP}} 2021}
}

@inproceedings{Lin2020,
  title = {Exploring Versatile Generative Language Model via Parameter-Efficient Transfer Learning},
  booktitle = {Findings of the {{Association}} for {{Computational Linguistics}}: {{EMNLP}} 2020},
  author = {Lin, Zhaojiang and Madotto, Andrea and Fung, Pascale},
  date = {2020},
  pages = {441--459},
  publisher = {{Association for Computational Linguistics}},
  location = {{Online}},
  doi = {10.18653/v1/2020.findings-emnlp.41},
  url = {https://aclanthology.org/2020.findings-emnlp.41},
  urldate = {2022-04-05},
  eventtitle = {{{EMNLP-Findings}} 2020}
}

@unpublished{Lin2021,
  title = {Differentiable Open-Ended Commonsense Reasoning},
  author = {Lin, Bill Yuchen and Sun, Haitian and Dhingra, Bhuwan and Zaheer, Manzil and Ren, Xiang and Cohen, William W.},
  date = {2021-06-06},
  eprint = {2010.14439},
  eprinttype = {arxiv},
  primaryclass = {cs},
  url = {http://arxiv.org/abs/2010.14439},
  urldate = {2022-03-07},
  archiveprefix = {arXiv}
}

@unpublished{Lin2022,
  title = {Efficient Sub-Structured Knowledge Distillation},
  author = {Lin, Wenye and Li, Yangming and Liu, Lemao and Shi, Shuming and Zheng, Hai-tao},
  date = {2022-03-09},
  eprint = {2203.04825},
  eprinttype = {arxiv},
  primaryclass = {cs},
  url = {http://arxiv.org/abs/2203.04825},
  urldate = {2022-03-10},
  archiveprefix = {arXiv}
}

@unpublished{Ling2022,
  title = {Vision-Language Pre-Training for Multimodal Aspect-Based Sentiment Analysis},
  author = {Ling, Yan and {yu}, Jianfei and Xia, Rui},
  date = {2022-04-17},
  eprint = {2204.07955},
  eprinttype = {arxiv},
  primaryclass = {cs},
  url = {http://arxiv.org/abs/2204.07955},
  urldate = {2022-04-20},
  archiveprefix = {arXiv}
}

@inproceedings{Liu2019,
  title = {{{RoBERTa}}: A Robustly Optimized {{BERT}} Pretraining Approach},
  shorttitle = {{{RoBERTa}}},
  author = {Liu, Yinhan and Ott, Myle and Goyal, Naman and Du, Jingfei and Joshi, Mandar and Chen, Danqi and Levy, Omer and Lewis, Mike and Zettlemoyer, Luke and Stoyanov, Veselin},
  date = {2019-07-26},
  eprint = {1907.11692},
  eprinttype = {arxiv},
  primaryclass = {cs},
  url = {http://arxiv.org/abs/1907.11692},
  urldate = {2021-09-06},
  archiveprefix = {arXiv}
}

@unpublished{Liu2021,
  title = {Pre-Train, Prompt, and Predict: A Systematic Survey of Prompting Methods in Natural Language Processing},
  shorttitle = {Pre-Train, Prompt, and Predict},
  author = {Liu, Pengfei and Yuan, Weizhe and Fu, Jinlan and Jiang, Zhengbao and Hayashi, Hiroaki and Neubig, Graham},
  date = {2021-07-28},
  eprint = {2107.13586},
  eprinttype = {arxiv},
  primaryclass = {cs},
  url = {http://arxiv.org/abs/2107.13586},
  urldate = {2021-08-10},
  archiveprefix = {arXiv}
}

@unpublished{Liu2021a,
  title = {{{ActiveEA}}: Active Learning for Neural Entity Alignment},
  shorttitle = {{{ActiveEA}}},
  author = {Liu, Bing and Scells, Harrisen and Zuccon, Guido and Hua, Wen and Zhao, Genghong},
  date = {2021-10-12},
  eprint = {2110.06474},
  eprinttype = {arxiv},
  primaryclass = {cs},
  url = {http://arxiv.org/abs/2110.06474},
  urldate = {2021-12-19},
  archiveprefix = {arXiv}
}

@unpublished{Liu2022,
  title = {{{SelfKG}}: Self-Supervised Entity Alignment in Knowledge Graphs},
  shorttitle = {{{SelfKG}}},
  author = {Liu, Xiao and Hong, Haoyun and Wang, Xinghao and Chen, Zeyi and Kharlamov, Evgeny and Dong, Yuxiao and Tang, Jie},
  date = {2022-03-02},
  eprint = {2203.01044},
  eprinttype = {arxiv},
  primaryclass = {cs},
  url = {http://arxiv.org/abs/2203.01044},
  urldate = {2022-03-03},
  archiveprefix = {arXiv}
}

@unpublished{Liu2022a,
  title = {Knowledge Infused Decoding},
  author = {Liu, Ruibo and Zheng, Guoqing and Gupta, Shashank and Gaonkar, Radhika and Gao, Chongyang and Vosoughi, Soroush and Shokouhi, Milad and Awadallah, Ahmed Hassan},
  date = {2022-04-06},
  eprint = {2204.03084},
  eprinttype = {arxiv},
  primaryclass = {cs},
  url = {http://arxiv.org/abs/2204.03084},
  urldate = {2022-04-08},
  archiveprefix = {arXiv}
}

@online{LiuCongNLP2021,
  type = {知乎专栏文章},
  title = {ACL2021主会议论文汇总及分类},
  author = {刘聪NLP},
  year = {2021/6/29 下午11:32:50},
  url = {https://zhuanlan.zhihu.com/p/385196031},
  urldate = {2021-11-01},
  langid = {zh-CN},
  organization = {{NLP工作站}}
}

@article{LiuZhiYuan2016,
  title = {知识表示学习研究进展},
  author = {{刘知远} and {孙茂松} and {林衍凯} and {谢若冰}},
  date = {2016},
  journaltitle = {计算机研究与发展},
  volume = {53},
  number = {2},
  pages = {247--261},
  doi = {10.7544/issn1000-1239.2016.20160020}
}

@unpublished{Lones2021,
  title = {How to Avoid Machine Learning Pitfalls: A Guide for Academic Researchers},
  shorttitle = {How to Avoid Machine Learning Pitfalls},
  author = {Lones, Michael A.},
  date = {2021-08-05},
  eprint = {2108.02497},
  eprinttype = {arxiv},
  primaryclass = {cs},
  url = {http://arxiv.org/abs/2108.02497},
  urldate = {2021-08-16},
  archiveprefix = {arXiv}
}

@unpublished{Madotto2020,
  title = {The Adapter-Bot: All-in-One Controllable Conversational Model},
  shorttitle = {The Adapter-Bot},
  author = {Madotto, Andrea and Lin, Zhaojiang and Bang, Yejin and Fung, Pascale},
  date = {2020-10-20},
  eprint = {2008.12579},
  eprinttype = {arxiv},
  primaryclass = {cs},
  url = {http://arxiv.org/abs/2008.12579},
  urldate = {2022-04-27},
  archiveprefix = {arXiv}
}

@unpublished{Mahabadi2022,
  title = {{{PERFECT}}: Prompt-Free and Efficient Few-Shot Learning with Language Models},
  shorttitle = {{{PERFECT}}},
  author = {Mahabadi, Rabeeh Karimi and Zettlemoyer, Luke and Henderson, James and Saeidi, Marzieh and Mathias, Lambert and Stoyanov, Veselin and Yazdani, Majid},
  date = {2022-04-03},
  eprint = {2204.01172},
  eprinttype = {arxiv},
  primaryclass = {cs},
  url = {http://arxiv.org/abs/2204.01172},
  urldate = {2022-04-05},
  archiveprefix = {arXiv}
}

@unpublished{Max2022,
  title = {Mining Naturally-Occurring Corrections and Paraphrases from Wikipedia's Revision History},
  author = {Max, Aurélien and Wisniewski, Guillaume},
  date = {2022-02-25},
  eprint = {2202.12575},
  eprinttype = {arxiv},
  primaryclass = {cs},
  url = {http://arxiv.org/abs/2202.12575},
  urldate = {2022-03-01},
  archiveprefix = {arXiv}
}

@unpublished{Meng2021,
  title = {Distantly-Supervised Named Entity Recognition with Noise-Robust Learning and Language Model Augmented Self-Training},
  author = {Meng, Yu and Zhang, Yunyi and Huang, Jiaxin and Wang, Xuan and Zhang, Yu and Ji, Heng and Han, Jiawei},
  date = {2021-09-10},
  eprint = {2109.05003},
  eprinttype = {arxiv},
  primaryclass = {cs},
  url = {http://arxiv.org/abs/2109.05003},
  urldate = {2021-12-19},
  archiveprefix = {arXiv}
}

@unpublished{Meng2022,
  title = {Pretraining Text Encoders with Adversarial Mixture of Training Signal Generators},
  author = {Meng, Yu and Xiong, Chenyan and Bajaj, Payal and Tiwary, Saurabh and Bennett, Paul and Han, Jiawei and Song, Xia},
  date = {2022-04-07},
  eprint = {2204.03243},
  eprinttype = {arxiv},
  primaryclass = {cs},
  url = {http://arxiv.org/abs/2204.03243},
  urldate = {2022-04-08},
  archiveprefix = {arXiv}
}

@inproceedings{mikolov2010,
  title = {Recurrent Neural Network Based Language Model.},
  booktitle = {In {{INTERSPEECH}} 2010,},
  author = {Mikolov, Tomáš and Karafiát, Martin and Burget, Lukáš and {Jan} and Černocký, Honza " and Khudanpur, Sanjeev},
  date = {2010},
  pages = {1045--1048}
}

@unpublished{Mikolov2013,
  title = {Efficient Estimation of Word Representations in Vector Space},
  author = {Mikolov, Tomas and Chen, Kai and Corrado, Greg and Dean, Jeffrey},
  date = {2013-09-06},
  eprint = {1301.3781},
  eprinttype = {arxiv},
  primaryclass = {cs},
  url = {http://arxiv.org/abs/1301.3781},
  urldate = {2022-04-17},
  archiveprefix = {arXiv}
}

@inproceedings{Nguyen2016,
  title = {{{STransE}}: A Novel Embedding Model of Entities and Relationships in Knowledge Bases},
  booktitle = {{{HLT-NAACL}}},
  author = {Nguyen, Dat Quoc and Sirts, Kairit and Qu, Lizhen and Johnson, Mark},
  date = {2016},
  doi = {10/ggzfzm}
}

@unpublished{Nguyen2020,
  title = {A Survey of Embedding Models of Entities and Relationships for Knowledge Graph Completion},
  author = {Nguyen, Dat Quoc},
  date = {2020-10-27},
  eprint = {1703.08098},
  eprinttype = {arxiv},
  primaryclass = {cs},
  url = {http://arxiv.org/abs/1703.08098},
  urldate = {2021-08-10},
  archiveprefix = {arXiv}
}

@unpublished{Ni2022,
  title = {A Generative Model for Relation Extraction and Classification},
  author = {Ni, Jian and Rossiello, Gaetano and Gliozzo, Alfio and Florian, Radu},
  date = {2022-02-26},
  eprint = {2202.13229},
  eprinttype = {arxiv},
  primaryclass = {cs},
  url = {http://arxiv.org/abs/2202.13229},
  urldate = {2022-03-01},
  archiveprefix = {arXiv}
}

@unpublished{Niu2022,
  title = {{{CAKE}}: A Scalable Commonsense-Aware Framework for Multi-View Knowledge Graph Completion},
  shorttitle = {{{CAKE}}},
  author = {Niu, Guanglin and Li, Bo and Zhang, Yongfei and Pu, Shiliang},
  date = {2022-02-24},
  eprint = {2202.13785},
  eprinttype = {arxiv},
  primaryclass = {cs},
  url = {http://arxiv.org/abs/2202.13785},
  urldate = {2022-03-04},
  archiveprefix = {arXiv}
}

@unpublished{Pal2022,
  title = {Parameter-Efficient Abstractive Question Answering over Tables or Text},
  author = {Pal, Vaishali and Kanoulas, Evangelos and de Rijke, Maarten},
  options = {useprefix=true},
  date = {2022-04-07},
  eprint = {2204.03357},
  eprinttype = {arxiv},
  primaryclass = {cs},
  url = {http://arxiv.org/abs/2204.03357},
  urldate = {2022-04-08},
  archiveprefix = {arXiv}
}

@unpublished{Papadimitriou2022,
  title = {When Classifying Grammatical Role, {{BERT}} Doesn't Care about Word Order... except When It Matters},
  author = {Papadimitriou, Isabel and Futrell, Richard and Mahowald, Kyle},
  date = {2022-03-11},
  eprint = {2203.06204},
  eprinttype = {arxiv},
  primaryclass = {cs},
  url = {http://arxiv.org/abs/2203.06204},
  urldate = {2022-03-15},
  archiveprefix = {arXiv}
}

@inproceedings{Peng2020,
  title = {Learning from Context or Names? {{An}} Empirical Study on Neural Relation Extraction},
  shorttitle = {Learning from Context or Names?},
  booktitle = {Proceedings of the 2020 {{Conference}} on {{Empirical Methods}} in {{Natural Language Processing}} ({{EMNLP}})},
  author = {Peng, Hao and Gao, Tianyu and Han, Xu and Lin, Yankai and Li, Peng and Liu, Zhiyuan and Sun, Maosong and Zhou, Jie},
  date = {2020-11},
  pages = {3661--3672},
  publisher = {{Association for Computational Linguistics}},
  location = {{Online}},
  doi = {10/gjr27z},
  url = {https://aclanthology.org/2020.emnlp-main.298},
  urldate = {2021-11-02},
  eventtitle = {{{EMNLP}} 2020}
}

@inproceedings{Pennington2014,
  title = {Glove: Global Vectors for Word Representation},
  booktitle = {Proceedings of the 2014 Conference on Empirical Methods in Natural Language Processing ({{EMNLP}})},
  author = {Pennington, Jeffrey and Socher, Richard and Manning, Christopher},
  date = {2014},
  pages = {1532--1543},
  doi = {10/gfshwg}
}

@unpublished{peters2018,
  title = {Deep Contextualized Word Representations},
  author = {Peters, Matthew E. and Neumann, Mark and Iyyer, Mohit and Gardner, Matt and Clark, Christopher and Lee, Kenton and Zettlemoyer, Luke},
  date = {2018-03-22},
  eprint = {1802.05365},
  eprinttype = {arxiv},
  primaryclass = {cs},
  url = {http://arxiv.org/abs/1802.05365},
  urldate = {2021-09-13},
  archiveprefix = {arXiv}
}

@inproceedings{Peters2019,
  title = {Knowledge Enhanced Contextual Word Representations},
  booktitle = {Proceedings of the 2019 {{Conference}} on {{Empirical Methods}} in {{Natural Language Processing}} and the 9th {{International Joint Conference}} on {{Natural Language Processing}} ({{EMNLP-IJCNLP}})},
  author = {Peters, Matthew E. and Neumann, Mark and Logan, Robert and Schwartz, Roy and Joshi, Vidur and Singh, Sameer and Smith, Noah A.},
  date = {2019-11},
  pages = {43--54},
  publisher = {{Association for Computational Linguistics}},
  location = {{Hong Kong, China}},
  doi = {10/ggwj3k},
  url = {https://aclanthology.org/D19-1005},
  urldate = {2021-11-02},
  eventtitle = {{{EMNLP-IJCNLP}} 2019}
}

@book{Petersen2006,
  title = {The Matrix Cookbook},
  author = {Petersen, Kaare Brandt and Pedersen, Michael Syskind},
  date = {2006-02-16}
}

@book{Peterson,
  title = {Computer Networks: A Systems Approach},
  author = {Peterson, Larry L and Davie, Bruce S},
  langid = {english}
}

@unpublished{Pfeiffer2020,
  title = {{{AdapterHub}}: A Framework for Adapting Transformers},
  shorttitle = {{{AdapterHub}}},
  author = {Pfeiffer, Jonas and Rücklé, Andreas and Poth, Clifton and Kamath, Aishwarya and Vulić, Ivan and Ruder, Sebastian and Cho, Kyunghyun and Gurevych, Iryna},
  date = {2020-10-06},
  eprint = {2007.07779},
  eprinttype = {arxiv},
  primaryclass = {cs},
  url = {http://arxiv.org/abs/2007.07779},
  urldate = {2022-04-06},
  archiveprefix = {arXiv}
}

@unpublished{Pfeiffer2020a,
  title = {{{MAD-X}}: An Adapter-Based Framework for Multi-Task Cross-Lingual Transfer},
  shorttitle = {{{MAD-X}}},
  author = {Pfeiffer, Jonas and Vulić, Ivan and Gurevych, Iryna and Ruder, Sebastian},
  date = {2020-10-06},
  eprint = {2005.00052},
  eprinttype = {arxiv},
  primaryclass = {cs},
  url = {http://arxiv.org/abs/2005.00052},
  urldate = {2022-04-07},
  archiveprefix = {arXiv}
}

@inproceedings{Pfeiffer2021,
  title = {{{AdapterFusion}}: Non-Destructive Task Composition for Transfer Learning},
  shorttitle = {{{AdapterFusion}}},
  booktitle = {Proceedings of the 16th {{Conference}} of the {{European Chapter}} of the {{Association}} for {{Computational Linguistics}}: {{Main Volume}}},
  author = {Pfeiffer, Jonas and Kamath, Aishwarya and Rücklé, Andreas and Cho, Kyunghyun and Gurevych, Iryna},
  date = {2021},
  pages = {487--503},
  publisher = {{Association for Computational Linguistics}},
  location = {{Online}},
  doi = {10.18653/v1/2021.eacl-main.39},
  url = {https://aclanthology.org/2021.eacl-main.39},
  urldate = {2022-03-28},
  eventtitle = {{{EACL}} 2021}
}

@inproceedings{Pruksachatkun2020,
  title = {Intermediate-Task Transfer Learning with Pretrained Language Models: When and Why Does It Work?},
  shorttitle = {Intermediate-Task Transfer Learning with Pretrained Language Models},
  booktitle = {Proceedings of the 58th {{Annual Meeting}} of the {{Association}} for {{Computational Linguistics}}},
  author = {Pruksachatkun, Yada and Phang, Jason and Liu, Haokun and Htut, Phu Mon and Zhang, Xiaoyi and Pang, Richard Yuanzhe and Vania, Clara and Kann, Katharina and Bowman, Samuel R.},
  date = {2020},
  pages = {5231--5247},
  publisher = {{Association for Computational Linguistics}},
  location = {{Online}},
  doi = {10.18653/v1/2020.acl-main.467},
  url = {https://aclanthology.org/2020.acl-main.467},
  urldate = {2022-04-07},
  eventtitle = {{{ACL}} 2020}
}

@inproceedings{Qi2021,
  title = {Answering Open-Domain Questions of Varying Reasoning Steps from Text},
  booktitle = {Proceedings of the 2021 {{Conference}} on {{Empirical Methods}} in {{Natural Language Processing}}},
  author = {Qi, Peng and Lee, Haejun and Sido, Tg and Manning, Christopher},
  date = {2021-11},
  pages = {3599--3614},
  publisher = {{Association for Computational Linguistics}},
  location = {{Online and Punta Cana, Dominican Republic}},
  doi = {10/gprg9x},
  url = {https://aclanthology.org/2021.emnlp-main.292},
  urldate = {2022-01-22},
  eventtitle = {{{EMNLP}} 2021}
}

@book{QiaEr1948,
  title = {共产党宣言},
  author = {卡尔, 马克思 and 弗里德里希, 恩格斯},
  date = {1948-01}
}

@inproceedings{Qin2018,
  title = {Robust Distant Supervision Relation Extraction via Deep Reinforcement Learning},
  booktitle = {Proceedings of the 56th {{Annual Meeting}} of the {{Association}} for {{Computational Linguistics}} ({{Volume}} 1: {{Long Papers}})},
  author = {Qin, Pengda and Xu, Weiran and Wang, William Yang},
  date = {2018},
  pages = {2137--2147},
  publisher = {{Association for Computational Linguistics}},
  location = {{Melbourne, Australia}},
  doi = {10.18653/v1/P18-1199},
  url = {http://aclweb.org/anthology/P18-1199},
  urldate = {2022-04-01},
  eventtitle = {Proceedings of the 56th {{Annual Meeting}} of the {{Association}} for {{Computational Linguistics}} ({{Volume}} 1: {{Long Papers}})},
  langid = {english}
}

@inproceedings{Qin2021,
  title = {{{ERICA}}: Improving Entity and Relation Understanding for Pre-Trained Language Models via Contrastive Learning},
  shorttitle = {{{ERICA}}},
  booktitle = {Proceedings of the 59th {{Annual Meeting}} of the {{Association}} for {{Computational Linguistics}} and the 11th {{International Joint Conference}} on {{Natural Language Processing}} ({{Volume}} 1: {{Long Papers}})},
  author = {Qin, Yujia and Lin, Yankai and Takanobu, Ryuichi and Liu, Zhiyuan and Li, Peng and Ji, Heng and Huang, Minlie and Sun, Maosong and Zhou, Jie},
  date = {2021},
  pages = {3350--3363},
  publisher = {{Association for Computational Linguistics}},
  location = {{Online}},
  doi = {10/gmfzxp},
  url = {https://aclanthology.org/2021.acl-long.260},
  urldate = {2021-11-01},
  eventtitle = {Proceedings of the 59th {{Annual Meeting}} of the {{Association}} for {{Computational Linguistics}} and the 11th {{International Joint Conference}} on {{Natural Language Processing}} ({{Volume}} 1: {{Long Papers}})},
  langid = {english}
}

@inproceedings{Qin2021a,
  title = {Improving Query Graph Generation for Complex Question Answering over Knowledge Base},
  booktitle = {Proceedings of the 2021 {{Conference}} on {{Empirical Methods}} in {{Natural Language Processing}}},
  author = {Qin, Kechen and Li, Cheng and Pavlu, Virgil and Aslam, Javed},
  date = {2021},
  pages = {4201--4207},
  publisher = {{Association for Computational Linguistics}},
  location = {{Online and Punta Cana, Dominican Republic}},
  doi = {10/gnxbc5},
  url = {https://aclanthology.org/2021.emnlp-main.346},
  urldate = {2022-01-22},
  eventtitle = {Proceedings of the 2021 {{Conference}} on {{Empirical Methods}} in {{Natural Language Processing}}},
  langid = {english}
}

@unpublished{Qin2022,
  title = {{{BiBERT}}: Accurate Fully Binarized {{BERT}}},
  shorttitle = {{{BiBERT}}},
  author = {Qin, Haotong and Ding, Yifu and Zhang, Mingyuan and Yan, Qinghua and Liu, Aishan and Dang, Qingqing and Liu, Ziwei and Liu, Xianglong},
  date = {2022-03-12},
  eprint = {2203.06390},
  eprinttype = {arxiv},
  primaryclass = {cs},
  url = {http://arxiv.org/abs/2203.06390},
  urldate = {2022-03-15},
  archiveprefix = {arXiv}
}

@article{Qiu2020,
  title = {Pre-Trained Models for Natural Language Processing: A Survey},
  shorttitle = {Pre-Trained Models for Natural Language Processing},
  author = {Qiu, Xipeng and Sun, Tianxiang and Xu, Yige and Shao, Yunfan and Dai, Ning and Huang, Xuanjing},
  date = {2020-10},
  journaltitle = {Science China Technological Sciences},
  shortjournal = {Sci. China Technol. Sci.},
  volume = {63},
  number = {10},
  eprint = {2003.08271},
  eprinttype = {arxiv},
  pages = {1872--1897},
  issn = {1674-7321, 1869-1900},
  doi = {10/ghqkn2},
  url = {http://arxiv.org/abs/2003.08271},
  urldate = {2021-08-14},
  archiveprefix = {arXiv}
}

@article{Radford2018,
  title = {Improving Language Understanding by Generative Pre-Training},
  author = {Radford, Alec and Narasimhan, Karthik and Salimans, Tim and Sutskever, Ilya},
  date = {2018},
  pages = {12},
  langid = {english}
}

@article{Radford2019,
  title = {Language Models Are Unsupervised Multitask Learners},
  author = {Radford, Alec and Wu, Jeffrey and Child, Rewon and Luan, David and Amodei, Dario and Sutskever, Ilya},
  date = {2019},
  pages = {24},
  langid = {english}
}

@unpublished{Raffel2020,
  title = {Exploring the Limits of Transfer Learning with a Unified Text-to-Text Transformer},
  author = {Raffel, Colin and Shazeer, Noam and Roberts, Adam and Lee, Katherine and Narang, Sharan and Matena, Michael and Zhou, Yanqi and Li, Wei and Liu, Peter J.},
  date = {2020-07-28},
  eprint = {1910.10683},
  eprinttype = {arxiv},
  primaryclass = {cs, stat},
  url = {http://arxiv.org/abs/1910.10683},
  urldate = {2021-09-15},
  archiveprefix = {arXiv}
}

@inproceedings{Rahman2020,
  title = {Integrating Multimodal Information in Large Pretrained Transformers},
  booktitle = {Proceedings of the 58th {{Annual Meeting}} of the {{Association}} for {{Computational Linguistics}}},
  author = {Rahman, Wasifur and Hasan, Md Kamrul and Lee, Sangwu and Bagher Zadeh, AmirAli and Mao, Chengfeng and Morency, Louis-Philippe and Hoque, Ehsan},
  date = {2020-07},
  pages = {2359--2369},
  publisher = {{Association for Computational Linguistics}},
  location = {{Online}},
  doi = {10/gg7mct},
  url = {https://aclanthology.org/2020.acl-main.214},
  urldate = {2022-03-21},
  eventtitle = {{{ACL}} 2020}
}

@inproceedings{Rao2021,
  title = {{{STANKER}}: Stacking Network Based on Level-Grained Attention-Masked {{BERT}} for Rumor Detection on Social Media},
  shorttitle = {{{STANKER}}},
  booktitle = {Proceedings of the 2021 {{Conference}} on {{Empirical Methods}} in {{Natural Language Processing}}},
  author = {Rao, Dongning and Miao, Xin and Jiang, Zhihua and Li, Ran},
  date = {2021-11},
  pages = {3347--3363},
  publisher = {{Association for Computational Linguistics}},
  location = {{Online and Punta Cana, Dominican Republic}},
  doi = {10/gn4vsq},
  url = {https://aclanthology.org/2021.emnlp-main.269},
  urldate = {2022-01-22},
  eventtitle = {{{EMNLP}} 2021}
}

@inproceedings{Razborov1992,
  title = {On Small Depth Threshold Circuits},
  booktitle = {Scandinavian Workshop on Algorithm Theory},
  author = {Razborov, Alexander A},
  date = {1992},
  pages = {42--52},
  organization = {{Springer}}
}

@inproceedings{rebuffi2017,
  title = {Learning Multiple Visual Domains with Residual Adapters},
  booktitle = {Advances in Neural Information Processing Systems},
  author = {Rebuffi, Sylvestre-Alvise and Bilen, Hakan and Vedaldi, Andrea},
  editor = {Guyon, I. and Luxburg, U. V. and Bengio, S. and Wallach, H. and Fergus, R. and Vishwanathan, S. and Garnett, R.},
  date = {2017},
  volume = {30},
  publisher = {{Curran Associates, Inc.}},
  url = {https://proceedings.neurips.cc/paper/2017/file/e7b24b112a44fdd9ee93bdf998c6ca0e-Paper.pdf}
}

@unpublished{Rocktaschel2016,
  title = {Reasoning about Entailment with Neural Attention},
  author = {Rocktäschel, Tim and Grefenstette, Edward and Hermann, Karl Moritz and Kočiský, Tomáš and Blunsom, Phil},
  date = {2016-03-01},
  eprint = {1509.06664},
  eprinttype = {arxiv},
  primaryclass = {cs},
  url = {http://arxiv.org/abs/1509.06664},
  urldate = {2022-04-18},
  archiveprefix = {arXiv}
}

@unpublished{Rosset2021,
  title = {Knowledge-Aware Language Model Pretraining},
  author = {Rosset, Corby and Xiong, Chenyan and Phan, Minh and Song, Xia and Bennett, Paul and Tiwary, Saurabh},
  date = {2021-02-04},
  eprint = {2007.00655},
  eprinttype = {arxiv},
  primaryclass = {cs, stat},
  url = {http://arxiv.org/abs/2007.00655},
  urldate = {2022-03-10},
  archiveprefix = {arXiv}
}

@inproceedings{Ruckle2021,
  title = {{{AdapterDrop}}: On the Efficiency of Adapters in Transformers},
  booktitle = {Proceedings of the 2021 Conference on Empirical Methods in Natural Language Processing},
  author = {Rücklé, Andreas and Geigle, Gregor and Glockner, Max and Beck, Tilman and Pfeiffer, Jonas and Reimers, Nils and Gurevych, Iryna},
  date = {2021-11},
  pages = {7930--7946},
  publisher = {{Association for Computational Linguistics}},
  location = {{Online and Punta Cana, Dominican Republic}},
  doi = {10.18653/v1/2021.emnlp-main.626},
  url = {https://aclanthology.org/2021.emnlp-main.626}
}

@article{S.Keshav,
  title = {How to Read a Paper},
  author = {{S. Keshav}},
  url = {https://s3.us-west-2.amazonaws.com/secure.notion-static.com/04af0add-6b59-40cc-8cd1-b08295da4d7d/HowtoReadPaper.pdf?X-Amz-Algorithm=AWS4-HMAC-SHA256&X-Amz-Content-Sha256=UNSIGNED-PAYLOAD&X-Amz-Credential=AKIAT73L2G45EIPT3X45%2F20220402%2Fus-west-2%2Fs3%2Faws4_request&X-Amz-Date=20220402T075008Z&X-Amz-Expires=86400&X-Amz-Signature=b88ee676a8e1bdd2b7f819a3a34286245f6329555e2ff7399f7bf1df33411753&X-Amz-SignedHeaders=host&response-content-disposition=filename%20%3D%22HowtoReadPaper.pdf%22&x-id=GetObject},
  urldate = {2022-04-02}
}

@unpublished{Safavi2021,
  title = {Relational World Knowledge Representation in Contextual Language Models: A Review},
  shorttitle = {Relational World Knowledge Representation in Contextual Language Models},
  author = {Safavi, Tara and Koutra, Danai},
  date = {2021-09-09},
  eprint = {2104.05837},
  eprinttype = {arxiv},
  primaryclass = {cs},
  url = {http://arxiv.org/abs/2104.05837},
  urldate = {2022-01-22},
  archiveprefix = {arXiv},
  version = {2}
}

@inproceedings{Saxena2020,
  title = {Improving Multi-Hop Question Answering over Knowledge Graphs Using Knowledge Base Embeddings},
  booktitle = {Proceedings of the 58th {{Annual Meeting}} of the {{Association}} for {{Computational Linguistics}}},
  author = {Saxena, Apoorv and Tripathi, Aditay and Talukdar, Partha},
  date = {2020-07},
  pages = {4498--4507},
  publisher = {{Association for Computational Linguistics}},
  location = {{Online}},
  doi = {10/gh73dd},
  url = {https://aclanthology.org/2020.acl-main.412},
  urldate = {2022-01-11},
  eventtitle = {{{ACL}} 2020}
}

@unpublished{Schick2021,
  title = {It's Not Just Size That Matters: Small Language Models Are Also Few-Shot Learners},
  shorttitle = {It's Not Just Size That Matters},
  author = {Schick, Timo and Schütze, Hinrich},
  date = {2021-04-12},
  eprint = {2009.07118},
  eprinttype = {arxiv},
  primaryclass = {cs},
  url = {http://arxiv.org/abs/2009.07118},
  urldate = {2021-08-14},
  archiveprefix = {arXiv}
}

@book{ScottChacon,
  title = {Pro Git},
  author = {{Scott Chacon} and {Ben Straub}}
}

@inproceedings{Shi2017,
  title = {{{ProjE}}: Embedding Projection for Knowledge Graph Completion.},
  booktitle = {{{AAAI}}},
  author = {Shi, Baoxu and Weninger, Tim},
  date = {2017},
  volume = {17},
  pages = {1236--1242},
  url = {https://ojs.aaai.org/index.php/AAAI/article/view/10677}
}

@inproceedings{Shi2021,
  title = {{{TransferNet}}: An Effective and Transparent Framework for Multi-Hop Question Answering over Relation Graph},
  shorttitle = {{{TransferNet}}},
  booktitle = {Proceedings of the 2021 {{Conference}} on {{Empirical Methods}} in {{Natural Language Processing}}},
  author = {Shi, Jiaxin and Cao, Shulin and Hou, Lei and Li, Juanzi and Zhang, Hanwang},
  date = {2021},
  pages = {4149--4158},
  publisher = {{Association for Computational Linguistics}},
  location = {{Online and Punta Cana, Dominican Republic}},
  doi = {10/gn632n},
  url = {https://aclanthology.org/2021.emnlp-main.341},
  urldate = {2022-01-22},
  eventtitle = {Proceedings of the 2021 {{Conference}} on {{Empirical Methods}} in {{Natural Language Processing}}},
  langid = {english}
}

@inproceedings{Shuster2021,
  title = {Multi-Modal Open-Domain Dialogue},
  booktitle = {Proceedings of the 2021 {{Conference}} on {{Empirical Methods}} in {{Natural Language Processing}}},
  author = {Shuster, Kurt and Smith, Eric Michael and Ju, Da and Weston, Jason},
  date = {2021-11},
  pages = {4863--4883},
  publisher = {{Association for Computational Linguistics}},
  location = {{Online and Punta Cana, Dominican Republic}},
  doi = {10/gprg9z},
  url = {https://aclanthology.org/2021.emnlp-main.398},
  urldate = {2022-01-22},
  eventtitle = {{{EMNLP}} 2021}
}

@unpublished{Song2019,
  title = {{{MASS}}: Masked Sequence to Sequence Pre-Training for Language Generation},
  shorttitle = {{{MASS}}},
  author = {Song, Kaitao and Tan, Xu and Qin, Tao and Lu, Jianfeng and Liu, Tie-Yan},
  date = {2019-06-21},
  eprint = {1905.02450},
  eprinttype = {arxiv},
  primaryclass = {cs},
  url = {http://arxiv.org/abs/1905.02450},
  urldate = {2021-09-15},
  archiveprefix = {arXiv}
}

@inproceedings{Stickland2019,
  title = {{{BERT}} and Pals: Projected Attention Layers for Efficient Adaptation in Multi-Task Learning},
  shorttitle = {{{BERT}} and Pals},
  booktitle = {Proceedings of the 36th {{International Conference}} on {{Machine Learning}}},
  author = {Stickland, Asa Cooper and Murray, Iain},
  date = {2019-05-24},
  pages = {5986--5995},
  publisher = {{PMLR}},
  issn = {2640-3498},
  url = {https://proceedings.mlr.press/v97/stickland19a.html},
  urldate = {2022-04-06},
  eventtitle = {International {{Conference}} on {{Machine Learning}}},
  langid = {english}
}

@unpublished{Su2021,
  title = {Non-Autoregressive Text Generation with Pre-Trained Language Models},
  author = {Su, Yixuan and Cai, Deng and Wang, Yan and Vandyke, David and Baker, Simon and Li, Piji and Collier, Nigel},
  date = {2021-02-16},
  eprint = {2102.08220},
  eprinttype = {arxiv},
  primaryclass = {cs},
  url = {http://arxiv.org/abs/2102.08220},
  urldate = {2021-09-28},
  archiveprefix = {arXiv}
}

@inproceedings{Sui2021,
  title = {Set Generation Networks for End-to-End Knowledge Base Population},
  booktitle = {Proceedings of the 2021 {{Conference}} on {{Empirical Methods}} in {{Natural Language Processing}}},
  author = {Sui, Dianbo and Wang, Chenhao and Chen, Yubo and Liu, Kang and Zhao, Jun and Bi, Wei},
  date = {2021-11},
  pages = {9650--9660},
  publisher = {{Association for Computational Linguistics}},
  location = {{Online and Punta Cana, Dominican Republic}},
  doi = {10/gprg9t},
  url = {https://aclanthology.org/2021.emnlp-main.760},
  urldate = {2022-01-22},
  eventtitle = {{{EMNLP}} 2021}
}

@unpublished{Sun2019,
  title = {{{ERNIE}}: Enhanced Representation through Knowledge Integration},
  shorttitle = {{{ERNIE}}},
  author = {Sun, Yu and Wang, Shuohuan and Li, Yukun and Feng, Shikun and Chen, Xuyi and Zhang, Han and Tian, Xin and Zhu, Danxiang and Tian, Hao and Wu, Hua},
  date = {2019-04-19},
  eprint = {1904.09223},
  eprinttype = {arxiv},
  primaryclass = {cs},
  url = {http://arxiv.org/abs/1904.09223},
  urldate = {2021-09-13},
  archiveprefix = {arXiv}
}

@inproceedings{Sun2020,
  title = {{{CoLAKE}}: Contextualized Language and Knowledge Embedding},
  shorttitle = {{{CoLAKE}}},
  booktitle = {Proceedings of the 28th {{International Conference}} on {{Computational Linguistics}}},
  author = {Sun, Tianxiang and Shao, Yunfan and Qiu, Xipeng and Guo, Qipeng and Hu, Yaru and Huang, Xuanjing and Zhang, Zheng},
  date = {2020-12},
  pages = {3660--3670},
  publisher = {{International Committee on Computational Linguistics}},
  location = {{Barcelona, Spain (Online)}},
  doi = {10/gjz75n},
  url = {https://aclanthology.org/2020.coling-main.327},
  urldate = {2021-11-02},
  eventtitle = {{{COLING}} 2020}
}

@article{Sun2020a,
  title = {{{ERNIE}} 2.0: A Continual Pre-Training Framework for Language Understanding},
  shorttitle = {{{ERNIE}} 2.0},
  author = {Sun, Yu and Wang, Shuohuan and Li, Yukun and Feng, Shikun and Tian, Hao and Wu, Hua and Wang, Haifeng},
  date = {2020-04-03},
  journaltitle = {Proceedings of the AAAI Conference on Artificial Intelligence},
  shortjournal = {AAAI},
  volume = {34},
  number = {05},
  pages = {8968--8975},
  issn = {2374-3468, 2159-5399},
  doi = {10/gg7mdt},
  url = {https://aaai.org/ojs/index.php/AAAI/article/view/6428},
  urldate = {2021-09-13}
}

@unpublished{Sun2021,
  title = {{{NSP-BERT}}: A Prompt-Based Zero-Shot Learner through an Original Pre-Training Task--next Sentence Prediction},
  shorttitle = {{{NSP-BERT}}},
  author = {Sun, Yi and Zheng, Yu and Hao, Chao and Qiu, Hangping},
  date = {2021-09-08},
  eprint = {2109.03564},
  eprinttype = {arxiv},
  primaryclass = {cs},
  url = {http://arxiv.org/abs/2109.03564},
  urldate = {2021-11-01},
  archiveprefix = {arXiv}
}

@unpublished{Sun2021a,
  title = {Reasoning over Virtual Knowledge Bases with Open Predicate Relations},
  author = {Sun, Haitian and Verga, Pat and Dhingra, Bhuwan and Salakhutdinov, Ruslan and Cohen, William W.},
  date = {2021-06-14},
  eprint = {2102.07043},
  eprinttype = {arxiv},
  primaryclass = {cs},
  url = {http://arxiv.org/abs/2102.07043},
  urldate = {2022-03-07},
  archiveprefix = {arXiv}
}

@unpublished{Sun2021b,
  title = {{{ERNIE}} 3.0: Large-Scale Knowledge Enhanced Pre-Training for Language Understanding and Generation},
  shorttitle = {{{ERNIE}} 3.0},
  author = {Sun, Yu and Wang, Shuohuan and Feng, Shikun and Ding, Siyu and Pang, Chao and Shang, Junyuan and Liu, Jiaxiang and Chen, Xuyi and Zhao, Yanbin and Lu, Yuxiang and Liu, Weixin and Wu, Zhihua and Gong, Weibao and Liang, Jianzhong and Shang, Zhizhou and Sun, Peng and Liu, Wei and Ouyang, Xuan and Yu, Dianhai and Tian, Hao and Wu, Hua and Wang, Haifeng},
  date = {2021-07-05},
  eprint = {2107.02137},
  eprinttype = {arxiv},
  primaryclass = {cs},
  url = {http://arxiv.org/abs/2107.02137},
  urldate = {2021-09-13},
  archiveprefix = {arXiv}
}

@inproceedings{Sutskever2014,
  title = {Sequence to Sequence Learning with Neural Networks},
  booktitle = {Advances in {{Neural Information Processing Systems}}},
  author = {Sutskever, Ilya and Vinyals, Oriol and Le, Quoc V},
  date = {2014},
  volume = {27},
  publisher = {{Curran Associates, Inc.}},
  url = {https://proceedings.neurips.cc/paper/2014/hash/a14ac55a4f27472c5d894ec1c3c743d2-Abstract.html},
  urldate = {2021-09-15}
}

@unpublished{Tan2022,
  title = {{{TegTok}}: Augmenting Text Generation via Task-Specific and Open-World Knowledge},
  shorttitle = {{{TegTok}}},
  author = {Tan, Chao-Hong and Gu, Jia-Chen and Tao, Chongyang and Ling, Zhen-Hua and Xu, Can and Hu, Huang and Geng, Xiubo and Jiang, Daxin},
  date = {2022-03-16},
  eprint = {2203.08517},
  eprinttype = {arxiv},
  primaryclass = {cs},
  url = {http://arxiv.org/abs/2203.08517},
  urldate = {2022-03-17},
  archiveprefix = {arXiv}
}

@unpublished{Thrush2022,
  title = {Winoground: Probing Vision and Language Models for Visio-Linguistic Compositionality},
  shorttitle = {Winoground},
  author = {Thrush, Tristan and Jiang, Ryan and Bartolo, Max and Singh, Amanpreet and Williams, Adina and Kiela, Douwe and Ross, Candace},
  date = {2022-04-06},
  eprint = {2204.03162},
  eprinttype = {arxiv},
  primaryclass = {cs},
  url = {http://arxiv.org/abs/2204.03162},
  urldate = {2022-04-08},
  archiveprefix = {arXiv}
}

@inproceedings{TjongKimSang2002,
  title = {Introduction to the {{CoNLL-2002}} Shared Task: Language-Independent Named Entity Recognition},
  shorttitle = {Introduction to the {{CoNLL-2002}} Shared Task},
  booktitle = {{{COLING-02}}: {{The}} 6th {{Conference}} on {{Natural Language Learning}} 2002 ({{CoNLL-2002}})},
  author = {Tjong Kim Sang, Erik F.},
  date = {2002},
  doi = {10/ft2bf6},
  url = {https://aclanthology.org/W02-2024},
  urldate = {2021-12-25}
}

@inproceedings{Ushio2021,
  title = {{{BERT}} Is to {{NLP}} What {{AlexNet}} Is to {{CV}}: Can Pre-Trained Language Models Identify Analogies?},
  shorttitle = {{{BERT}} Is to {{NLP}} What {{AlexNet}} Is to {{CV}}},
  booktitle = {Proceedings of the 59th {{Annual Meeting}} of the {{Association}} for {{Computational Linguistics}} and the 11th {{International Joint Conference}} on {{Natural Language Processing}} ({{Volume}} 1: {{Long Papers}})},
  author = {Ushio, Asahi and Espinosa Anke, Luis and Schockaert, Steven and Camacho-Collados, Jose},
  date = {2021-08},
  pages = {3609--3624},
  publisher = {{Association for Computational Linguistics}},
  location = {{Online}},
  doi = {10/gq23},
  url = {https://aclanthology.org/2021.acl-long.280},
  urldate = {2021-11-01},
  eventtitle = {{{ACL-IJCNLP}} 2021}
}

@inproceedings{Vaswani2017a,
  title = {Attention Is All You Need},
  booktitle = {Advances in Neural Information Processing Systems},
  author = {Vaswani, Ashish and Shazeer, Noam and Parmar, Niki and Uszkoreit, Jakob and Jones, Llion and Gomez, Aidan N and Kaiser, Łukasz and Polosukhin, Illia},
  editor = {Guyon, I. and Luxburg, U. V. and Bengio, S. and Wallach, H. and Fergus, R. and Vishwanathan, S. and Garnett, R.},
  date = {2017},
  volume = {30},
  publisher = {{Curran Associates, Inc.}},
  doi = {10/gpnmtv},
  url = {https://proceedings.neurips.cc/paper/2017/file/3f5ee243547dee91fbd053c1c4a845aa-Paper.pdf}
}

@inproceedings{Wang2018,
  title = {{{GLUE}}: A Multi-Task Benchmark and Analysis Platform for Natural Language Understanding},
  shorttitle = {{{GLUE}}},
  booktitle = {Proceedings of the 2018 {{EMNLP Workshop BlackboxNLP}}: {{Analyzing}} and {{Interpreting Neural Networks}} for {{NLP}}},
  author = {Wang, Alex and Singh, Amanpreet and Michael, Julian and Hill, Felix and Levy, Omer and Bowman, Samuel},
  date = {2018},
  pages = {353--355},
  publisher = {{Association for Computational Linguistics}},
  location = {{Brussels, Belgium}},
  doi = {10.18653/v1/W18-5446},
  url = {https://aclanthology.org/W18-5446},
  urldate = {2022-04-10}
}

@unpublished{Wang2020,
  title = {K-Adapter: Infusing Knowledge into Pre-Trained Models with Adapters},
  shorttitle = {K-Adapter},
  author = {Wang, Ruize and Tang, Duyu and Duan, Nan and Wei, Zhongyu and Huang, Xuanjing and {ji}, Jianshu and Cao, Guihong and Jiang, Daxin and Zhou, Ming},
  date = {2020-12-28},
  eprint = {2002.01808},
  eprinttype = {arxiv},
  primaryclass = {cs},
  url = {http://arxiv.org/abs/2002.01808},
  urldate = {2022-02-26},
  archiveprefix = {arXiv}
}

@unpublished{Wang2021,
  title = {Generating Diversified Comments via Reader-Aware Topic Modeling and Saliency Detection},
  author = {Wang, Wei and Li, Piji and Zheng, Hai-Tao},
  date = {2021-02-12},
  eprint = {2102.06856},
  eprinttype = {arxiv},
  primaryclass = {cs},
  url = {http://arxiv.org/abs/2102.06856},
  urldate = {2021-09-28},
  archiveprefix = {arXiv}
}

@unpublished{Wang2021a,
  title = {Sentence Semantic Regression for Text Generation},
  author = {Wang, Wei and Li, Piji and Zheng, Hai-Tao},
  date = {2021-08-06},
  eprint = {2108.02984},
  eprinttype = {arxiv},
  primaryclass = {cs},
  url = {http://arxiv.org/abs/2108.02984},
  urldate = {2021-09-28},
  archiveprefix = {arXiv}
}

@unpublished{Wang2021b,
  title = {{{CLINE}}: Contrastive Learning with Semantic Negative Examples for Natural Language Understanding},
  shorttitle = {{{CLINE}}},
  author = {Wang, Dong and Ding, Ning and Li, Piji and Zheng, Hai-Tao},
  date = {2021-07-01},
  eprint = {2107.00440},
  eprinttype = {arxiv},
  primaryclass = {cs},
  url = {http://arxiv.org/abs/2107.00440},
  urldate = {2021-09-28},
  archiveprefix = {arXiv}
}

@inproceedings{Wang2021c,
  title = {{{ChemNER}}: Fine-Grained Chemistry Named Entity Recognition with Ontology-Guided Distant Supervision},
  shorttitle = {{{ChemNER}}},
  booktitle = {Proceedings of the 2021 {{Conference}} on {{Empirical Methods}} in {{Natural Language Processing}}},
  author = {Wang, Xuan and Hu, Vivian and Song, Xiangchen and Garg, Shweta and Xiao, Jinfeng and Han, Jiawei},
  date = {2021-11},
  pages = {5227--5240},
  publisher = {{Association for Computational Linguistics}},
  location = {{Online and Punta Cana, Dominican Republic}},
  url = {https://aclanthology.org/2021.emnlp-main.424},
  urldate = {2021-12-19},
  eventtitle = {{{EMNLP}} 2021}
}

@article{Wang2021d,
  title = {{{KEPLER}}: A Unified Model for Knowledge Embedding and Pre-Trained Language Representation},
  shorttitle = {{{KEPLER}}},
  author = {Wang, Xiaozhi and Gao, Tianyu and Zhu, Zhaocheng and Zhang, Zhengyan and Liu, Zhiyuan and Li, Juanzi and Tang, Jian},
  date = {2021},
  journaltitle = {Transactions of the Association for Computational Linguistics},
  volume = {9},
  pages = {176--194},
  publisher = {{MIT Press}},
  location = {{Cambridge, MA}},
  doi = {10.1162/tacl_a_00360},
  url = {https://aclanthology.org/2021.tacl-1.11},
  urldate = {2022-04-11}
}

@inproceedings{Wang2021e,
  title = {{{InfoBERT}}: Improving Robustness of Language Models from an Information Theoretic Perspective},
  booktitle = {International Conference on Learning Representations ({{ICLR}} 2021)},
  author = {Wang, Boxin and Wang, Shuohang and Cheng, Yu and Gan, Zhe and Jia, Ruoxi and Li, Bo and Liu, JJ (Jingjing)},
  date = {2021-03},
  url = {https://www.microsoft.com/en-us/research/publication/infobert-improving-robustness-of-language-models-from-an-information-theoretic-perspective/}
}

@unpublished{Wang2022,
  title = {{{DAMO-NLP}} at {{SemEval-2022}} Task 11: A Knowledge-Based System for Multilingual Named Entity Recognition},
  shorttitle = {{{DAMO-NLP}} at {{SemEval-2022}} Task 11},
  author = {Wang, Xinyu and Shen, Yongliang and Cai, Jiong and Wang, Tao and Wang, Xiaobin and Xie, Pengjun and Huang, Fei and Lu, Weiming and Zhuang, Yueting and Tu, Kewei and Lu, Wei and Jiang, Yong},
  date = {2022-03-01},
  eprint = {2203.00545},
  eprinttype = {arxiv},
  primaryclass = {cs},
  url = {http://arxiv.org/abs/2203.00545},
  urldate = {2022-03-02},
  archiveprefix = {arXiv}
}

@unpublished{Wang2022a,
  title = {{{SimKGC}}: Simple Contrastive Knowledge Graph Completion with Pre-Trained Language Models},
  shorttitle = {{{SimKGC}}},
  author = {Wang, Liang and Zhao, Wei and Wei, Zhuoyu and Liu, Jingming},
  date = {2022-03-04},
  eprint = {2203.02167},
  eprinttype = {arxiv},
  primaryclass = {cs},
  url = {http://arxiv.org/abs/2203.02167},
  urldate = {2022-03-07},
  archiveprefix = {arXiv}
}

@unpublished{Wang2022b,
  title = {{{KenMeSH}}: Knowledge-Enhanced End-to-End Biomedical Text Labelling},
  shorttitle = {{{KenMeSH}}},
  author = {Wang, Xindi and Mercer, Robert E. and Rudzicz, Frank},
  date = {2022-03-13},
  eprint = {2203.06835},
  eprinttype = {arxiv},
  primaryclass = {cs},
  url = {http://arxiv.org/abs/2203.06835},
  urldate = {2022-03-15},
  archiveprefix = {arXiv}
}

@unpublished{Whitehouse2022,
  title = {Evaluation of Fake News Detection with Knowledge-Enhanced Language Models},
  author = {Whitehouse, Chenxi and Weyde, Tillman and Madhyastha, Pranava and Komninos, Nikos},
  date = {2022-04-01},
  eprint = {2204.00458},
  eprinttype = {arxiv},
  primaryclass = {cs},
  url = {http://arxiv.org/abs/2204.00458},
  urldate = {2022-04-04},
  archiveprefix = {arXiv}
}

@inproceedings{Wolf2020,
  title = {Transformers: State-of-the-Art Natural Language Processing},
  shorttitle = {Transformers},
  booktitle = {Proceedings of the 2020 {{Conference}} on {{Empirical Methods}} in {{Natural Language Processing}}: {{System Demonstrations}}},
  author = {Wolf, Thomas and Debut, Lysandre and Sanh, Victor and Chaumond, Julien and Delangue, Clement and Moi, Anthony and Cistac, Pierric and Rault, Tim and Louf, Remi and Funtowicz, Morgan and Davison, Joe and Shleifer, Sam and von Platen, Patrick and Ma, Clara and Jernite, Yacine and Plu, Julien and Xu, Canwen and Le Scao, Teven and Gugger, Sylvain and Drame, Mariama and Lhoest, Quentin and Rush, Alexander},
  options = {useprefix=true},
  date = {2020},
  pages = {38--45},
  publisher = {{Association for Computational Linguistics}},
  location = {{Online}},
  doi = {10.18653/v1/2020.emnlp-demos.6},
  url = {https://aclanthology.org/2020.emnlp-demos.6},
  urldate = {2022-03-28}
}

@article{Wu2018,
  title = {A Survey of Techniques for Constructing Chinese Knowledge Graphs and Their Applications},
  author = {Wu, Tianxing and Qi, Guilin and Li, Cheng and Wang, Meng},
  date = {2018-09-11},
  journaltitle = {Sustainability},
  shortjournal = {Sustainability},
  volume = {10},
  number = {9},
  pages = {3245},
  issn = {2071-1050},
  doi = {10/gfht89},
  url = {http://www.mdpi.com/2071-1050/10/9/3245},
  urldate = {2021-08-10},
  langid = {english}
}

@unpublished{Wu2022,
  title = {Unified and Effective Ensemble Knowledge Distillation},
  author = {Wu, Chuhan and Wu, Fangzhao and Qi, Tao and Huang, Yongfeng},
  date = {2022-04-01},
  eprint = {2204.00548},
  eprinttype = {arxiv},
  primaryclass = {cs},
  url = {http://arxiv.org/abs/2204.00548},
  urldate = {2022-04-04},
  archiveprefix = {arXiv}
}

@book{WuJun2012,
  title = {Beauty of mathematics},
  author = {{吴军}},
  date = {2012},
  publisher = {{人民邮电出版社}},
  location = {{北京}},
  isbn = {978-7-115-28282-8},
  langid = {chinese}
}

@unpublished{Xiao2015,
  title = {{{TransA}}: An Adaptive Approach for Knowledge Graph Embedding},
  author = {Xiao, Han and Huang, Minlie and Hao, Yu and Zhu, Xiaoyan},
  date = {2015},
  volume = {abs/1509.05490},
  eprint = {1509.05490},
  eprinttype = {arxiv},
  primaryclass = {cs.CL},
  doi = {10.48550/arXiv.1509.05490},
  archiveprefix = {arXiv}
}

@inproceedings{Xiao2016,
  title = {{{TransG}}: A Generative Model for Knowledge Graph Embedding},
  booktitle = {Proceedings of the 54th Annual Meeting of the Association for Computational Linguistics (Volume 1: {{Long}} Papers)},
  author = {Xiao, Han and Huang, Minlie and Zhu, Xiaoyan},
  date = {2016},
  volume = {1},
  pages = {2316--2325},
  doi = {10/ggv93z}
}

@inproceedings{Xiao2017,
  title = {{{SSP}}: Semantic Space Projection for Knowledge Graph Embedding with Text Descriptions.},
  booktitle = {{{AAAI}}},
  author = {Xiao, Han and Huang, Minlie and Meng, Lian and Zhu, Xiaoyan},
  date = {2017},
  volume = {17},
  pages = {3104--3110},
  url = {https://www.aaai.org/ocs/index.php/AAAI/AAAI17/paper/viewPaper/14306}
}

@unpublished{Xie2017,
  title = {Data Noising as Smoothing in Neural Network Language Models},
  author = {Xie, Ziang and Wang, Sida I. and Li, Jiwei and Lévy, Daniel and Nie, Aiming and Jurafsky, Dan and Ng, Andrew Y.},
  date = {2017-03-07},
  eprint = {1703.02573},
  eprinttype = {arxiv},
  primaryclass = {cs},
  url = {http://arxiv.org/abs/1703.02573},
  urldate = {2021-09-06},
  archiveprefix = {arXiv}
}

@inproceedings{Xie2017a,
  title = {Image-Embodied Knowledge Representation Learning},
  booktitle = {{{IJCAI}}},
  author = {Xie, Ruobing and Liu, Zhiyuan and Chua, Tat-Seng and Luan, Huan-Bo and Sun, Maosong},
  date = {2017},
  doi = {10/gkz48g}
}

@article{Xiong2020,
  title = {{{PRETRAINED ENCYCLOPEDIA}}: {{WEAKLY SUPERVISED KNOWLEDGE-PRETRAINED LANGUAGE MODEL}}},
  author = {Xiong, Wenhan and Du, Jingfei and Wang, William Yang and Stoyanov, Veselin},
  date = {2020},
  pages = {13},
  langid = {english}
}

@book{Xu2005,
  title = {矩阵论简明教程},
  author = {Xu, Zhong},
  date = {2005},
  publisher = {{Ke xue chu ban she}},
  location = {{Beijing}},
  isbn = {978-7-03-014999-2},
  langid = {chinese}
}

@inproceedings{Xu2021,
  title = {Vocabulary Learning via Optimal Transport for Neural Machine Translation},
  booktitle = {Proceedings of the 59th {{Annual Meeting}} of the {{Association}} for {{Computational Linguistics}} and the 11th {{International Joint Conference}} on {{Natural Language Processing}} ({{Volume}} 1: {{Long Papers}})},
  author = {Xu, Jingjing and Zhou, Hao and Gan, Chun and Zheng, Zaixiang and Li, Lei},
  date = {2021-08},
  pages = {7361--7373},
  publisher = {{Association for Computational Linguistics}},
  location = {{Online}},
  doi = {10/gmf9pg},
  url = {https://aclanthology.org/2021.acl-long.571},
  urldate = {2021-11-01},
  eventtitle = {{{ACL-IJCNLP}} 2021}
}

@inproceedings{Xu2021a,
  title = {Optimizing Deeper Transformers on Small Datasets},
  booktitle = {Proceedings of the 59th {{Annual Meeting}} of the {{Association}} for {{Computational Linguistics}} and the 11th {{International Joint Conference}} on {{Natural Language Processing}} ({{Volume}} 1: {{Long Papers}})},
  author = {Xu, Peng and Kumar, Dhruv and Yang, Wei and Zi, Wenjie and Tang, Keyi and Huang, Chenyang and Cheung, Jackie Chi Kit and Prince, Simon J.D. and Cao, Yanshuai},
  date = {2021-08},
  pages = {2089--2102},
  publisher = {{Association for Computational Linguistics}},
  location = {{Online}},
  doi = {10/gmf9m2},
  url = {https://aclanthology.org/2021.acl-long.163},
  urldate = {2021-11-01},
  eventtitle = {{{ACL-IJCNLP}} 2021}
}

@inproceedings{Yamada2020,
  title = {{{LUKE}}: Deep Contextualized Entity Representations with Entity-Aware Self-Attention},
  shorttitle = {{{LUKE}}},
  booktitle = {Proceedings of the 2020 {{Conference}} on {{Empirical Methods}} in {{Natural Language Processing}} ({{EMNLP}})},
  author = {Yamada, Ikuya and Asai, Akari and Shindo, Hiroyuki and Takeda, Hideaki and Matsumoto, Yuji},
  date = {2020-11},
  pages = {6442--6454},
  publisher = {{Association for Computational Linguistics}},
  location = {{Online}},
  doi = {10/gmgwdt},
  url = {https://aclanthology.org/2020.emnlp-main.523},
  urldate = {2021-11-02},
  eventtitle = {{{EMNLP}} 2020}
}

@unpublished{Yan2021,
  title = {A Partition Filter Network for Joint Entity and Relation Extraction},
  author = {Yan, Zhiheng and Zhang, Chong and Fu, Jinlan and Zhang, Qi and Wei, Zhongyu},
  date = {2021-09-10},
  eprint = {2108.12202},
  eprinttype = {arxiv},
  primaryclass = {cs},
  url = {http://arxiv.org/abs/2108.12202},
  urldate = {2021-12-19},
  archiveprefix = {arXiv}
}

@inproceedings{Yan2021a,
  title = {Large-Scale Relation Learning for Question Answering over Knowledge Bases with Pre-Trained Language Models},
  booktitle = {Proceedings of the 2021 {{Conference}} on {{Empirical Methods}} in {{Natural Language Processing}}},
  author = {Yan, Yuanmeng and Li, Rumei and Wang, Sirui and Zhang, Hongzhi and Daoguang, Zan and Zhang, Fuzheng and Wu, Wei and Xu, Weiran},
  date = {2021-11},
  pages = {3653--3660},
  publisher = {{Association for Computational Linguistics}},
  location = {{Online and Punta Cana, Dominican Republic}},
  doi = {10/gn3hw9},
  url = {https://aclanthology.org/2021.emnlp-main.296},
  urldate = {2022-01-11},
  eventtitle = {{{EMNLP}} 2021}
}

@inproceedings{Yang2019,
  title = {Xlnet: Generalized Autoregressive Pretraining for Language Understanding},
  booktitle = {Advances in Neural Information Processing Systems},
  author = {Yang, Zhilin and Dai, Zihang and Yang, Yiming and Carbonell, Jaime and Salakhutdinov, Russ R and Le, Quoc V},
  date = {2019},
  volume = {32},
  url = {http://papers.nips.cc/paper/8812-xlnet-generalizedautoregressive-pretraining-for-language-understanding.pdf}
}

@unpublished{Yang2021,
  title = {Feature Learning in Infinite-Width Neural Networks},
  author = {Yang, Greg and Hu, Edward J.},
  date = {2021-05-11},
  eprint = {2011.14522},
  eprinttype = {arxiv},
  primaryclass = {cond-mat},
  url = {http://arxiv.org/abs/2011.14522},
  urldate = {2022-03-13},
  archiveprefix = {arXiv}
}

@unpublished{Yao2022,
  title = {Linking Emergent and Natural Languages via Corpus Transfer},
  author = {Yao, Shunyu and Yu, Mo and Zhang, Yang and Narasimhan, Karthik R. and Tenenbaum, Joshua B. and Gan, Chuang},
  date = {2022-03-24},
  eprint = {2203.13344},
  eprinttype = {arxiv},
  primaryclass = {cs},
  url = {http://arxiv.org/abs/2203.13344},
  urldate = {2022-03-28},
  archiveprefix = {arXiv}
}

@inproceedings{Ye2020,
  title = {Coreferential Reasoning Learning for Language Representation},
  booktitle = {Proceedings of the 2020 {{Conference}} on {{Empirical Methods}} in {{Natural Language Processing}} ({{EMNLP}})},
  author = {Ye, Deming and Lin, Yankai and Du, Jiaju and Liu, Zhenghao and Li, Peng and Sun, Maosong and Liu, Zhiyuan},
  date = {2020-11},
  pages = {7170--7186},
  publisher = {{Association for Computational Linguistics}},
  location = {{Online}},
  doi = {10/gm3n55},
  url = {https://aclanthology.org/2020.emnlp-main.582},
  urldate = {2021-11-02},
  eventtitle = {{{EMNLP}} 2020}
}

@unpublished{Ye2022,
  title = {A Simple but Effective Pluggable Entity Lookup Table for Pre-Trained Language Models},
  author = {Ye, Deming and Lin, Yankai and Li, Peng and Sun, Maosong and Liu, Zhiyuan},
  date = {2022-02-27},
  eprint = {2202.13392},
  eprinttype = {arxiv},
  primaryclass = {cs},
  url = {http://arxiv.org/abs/2202.13392},
  urldate = {2022-03-01},
  archiveprefix = {arXiv}
}

@inproceedings{Yin2021,
  title = {Including Signed Languages in Natural Language Processing},
  booktitle = {Proceedings of the 59th {{Annual Meeting}} of the {{Association}} for {{Computational Linguistics}} and the 11th {{International Joint Conference}} on {{Natural Language Processing}} ({{Volume}} 1: {{Long Papers}})},
  author = {Yin, Kayo and Moryossef, Amit and Hochgesang, Julie and Goldberg, Yoav and Alikhani, Malihe},
  date = {2021},
  pages = {7347--7360},
  publisher = {{Association for Computational Linguistics}},
  location = {{Online}},
  doi = {10/gmf9ph},
  url = {https://aclanthology.org/2021.acl-long.570},
  urldate = {2021-11-01},
  eventtitle = {Proceedings of the 59th {{Annual Meeting}} of the {{Association}} for {{Computational Linguistics}} and the 11th {{International Joint Conference}} on {{Natural Language Processing}} ({{Volume}} 1: {{Long Papers}})},
  langid = {english}
}

@unpublished{Yu2022,
  title = {Diversifying Content Generation for Commonsense Reasoning with Mixture of Knowledge Graph Experts},
  author = {Yu, Wenhao and Zhu, Chenguang and Qin, Lianhui and Zhang, Zhihan and Zhao, Tong and Jiang, Meng},
  date = {2022-03-14},
  eprint = {2203.07285},
  eprinttype = {arxiv},
  primaryclass = {cs},
  url = {http://arxiv.org/abs/2203.07285},
  urldate = {2022-03-15},
  archiveprefix = {arXiv}
}

@inproceedings{Yuan2021,
  title = {Interactive Machine Comprehension with Dynamic Knowledge Graphs},
  booktitle = {Proceedings of the 2021 {{Conference}} on {{Empirical Methods}} in {{Natural Language Processing}}},
  author = {Yuan, Xingdi},
  date = {2021-11},
  pages = {6734--6750},
  publisher = {{Association for Computational Linguistics}},
  location = {{Online and Punta Cana, Dominican Republic}},
  doi = {10/gprg9w},
  url = {https://aclanthology.org/2021.emnlp-main.540},
  urldate = {2022-01-22},
  eventtitle = {{{EMNLP}} 2021}
}

@unpublished{Yuan2022,
  title = {A Roadmap for Big Model},
  author = {Yuan, Sha and Zhao, Hanyu and Zhao, Shuai and Leng, Jiahong and Liang, Yangxiao and Wang, Xiaozhi and Yu, Jifan and Lv, Xin and Shao, Zhou and He, Jiaao and Lin, Yankai and Han, Xu and Liu, Zhenghao and Ding, Ning and Rao, Yongming and Gao, Yizhao and Zhang, Liang and Ding, Ming and Fang, Cong and Wang, Yisen and Long, Mingsheng and Zhang, Jing and Dong, Yinpeng and Pang, Tianyu and Cui, Peng and Huang, Lingxiao and Liang, Zheng and Shen, Huawei and Zhang, Hui and Zhang, Quanshi and Dong, Qingxiu and Tan, Zhixing and Wang, Mingxuan and Wang, Shuo and Zhou, Long and Li, Haoran and Bao, Junwei and Pan, Yingwei and Zhang, Weinan and Yu, Zhou and Yan, Rui and Shi, Chence and Xu, Minghao and Zhang, Zuobai and Wang, Guoqiang and Pan, Xiang and Li, Mengjie and Chu, Xiaoyu and Yao, Zijun and Zhu, Fangwei and Cao, Shulin and Xue, Weicheng and Ma, Zixuan and Zhang, Zhengyan and Hu, Shengding and Qin, Yujia and Xiao, Chaojun and Zeng, Zheni and Cui, Ganqu and Chen, Weize and Zhao, Weilin and Yao, Yuan and Li, Peng and Zheng, Wenzhao and Zhao, Wenliang and Wang, Ziyi and Zhang, Borui and Fei, Nanyi and Hu, Anwen and Ling, Zenan and Li, Haoyang and Cao, Boxi and Han, Xianpei and Zhan, Weidong and Chang, Baobao and Sun, Hao and Deng, Jiawen and Zheng, Chujie and Li, Juanzi and Hou, Lei and Cao, Xigang and Zhai, Jidong and Liu, Zhiyuan and Sun, Maosong and Lu, Jiwen and Lu, Zhiwu and Jin, Qin and Song, Ruihua and Wen, Ji-Rong and Lin, Zhouchen and Wang, Liwei and Su, Hang and Zhu, Jun and Sui, Zhifang and Zhang, Jiajun and Liu, Yang and He, Xiaodong and Huang, Minlie and Tang, Jian and Tang, Jie},
  date = {2022-04-01},
  eprint = {2203.14101},
  eprinttype = {arxiv},
  primaryclass = {cs},
  url = {http://arxiv.org/abs/2203.14101},
  urldate = {2022-04-13},
  archiveprefix = {arXiv}
}

@unpublished{Zaken2022,
  title = {{{BitFit}}: Simple Parameter-Efficient Fine-Tuning for Transformer-Based Masked Language-Models},
  shorttitle = {{{BitFit}}},
  author = {Zaken, Elad Ben and Ravfogel, Shauli and Goldberg, Yoav},
  date = {2022-03-19},
  eprint = {2106.10199},
  eprinttype = {arxiv},
  primaryclass = {cs},
  url = {http://arxiv.org/abs/2106.10199},
  urldate = {2022-04-08},
  archiveprefix = {arXiv}
}

@inproceedings{Zhan2021,
  title = {{{CoLV}}: A Collaborative Latent Variable Model for Knowledge-Grounded Dialogue Generation},
  shorttitle = {{{CoLV}}},
  booktitle = {Proceedings of the 2021 {{Conference}} on {{Empirical Methods}} in {{Natural Language Processing}}},
  author = {Zhan, Haolan and Shen, Lei and Chen, Hongshen and Zhang, Hainan},
  date = {2021-11},
  pages = {2250--2261},
  publisher = {{Association for Computational Linguistics}},
  location = {{Online and Punta Cana, Dominican Republic}},
  doi = {10/gprg9s},
  url = {https://aclanthology.org/2021.emnlp-main.172},
  urldate = {2022-01-22},
  eventtitle = {{{EMNLP}} 2021}
}

@unpublished{Zhang2019,
  title = {{{ERNIE}}: Enhanced Language Representation with Informative Entities},
  shorttitle = {{{ERNIE}}},
  author = {Zhang, Zhengyan and Han, Xu and Liu, Zhiyuan and Jiang, Xin and Sun, Maosong and Liu, Qun},
  date = {2019-06-04},
  eprint = {1905.07129},
  eprinttype = {arxiv},
  primaryclass = {cs},
  url = {http://arxiv.org/abs/1905.07129},
  urldate = {2021-09-13},
  archiveprefix = {arXiv}
}

@article{Zhang2020,
  title = {M-{{SQL}}: Multi-Task Representation Learning for Single-Table Text2sql Generation},
  shorttitle = {M-{{SQL}}},
  author = {Zhang, Xiaoyu and Yin, Fengjing and Ma, Guojie and Ge, Bin and Xiao, Weidong},
  date = {2020},
  journaltitle = {IEEE Access},
  volume = {8},
  pages = {43156--43167},
  issn = {2169-3536},
  doi = {10/gmpvnc},
  eventtitle = {{{IEEE Access}}}
}

@unpublished{Zhang2020a,
  title = {Semantics-Aware {{BERT}} for Language Understanding},
  author = {Zhang, Zhuosheng and Wu, Yuwei and Zhao, Hai and Li, Zuchao and Zhang, Shuailiang and Zhou, Xi and Zhou, Xiang},
  date = {2020-02-04},
  eprint = {1909.02209},
  eprinttype = {arxiv},
  primaryclass = {cs},
  url = {http://arxiv.org/abs/1909.02209},
  urldate = {2022-03-10},
  archiveprefix = {arXiv}
}

@unpublished{Zhang2020b,
  title = {Side-Tuning: A Baseline for Network Adaptation via Additive Side Networks},
  shorttitle = {Side-Tuning},
  author = {Zhang, Jeffrey O. and Sax, Alexander and Zamir, Amir and Guibas, Leonidas and Malik, Jitendra},
  date = {2020-07-30},
  eprint = {1912.13503},
  eprinttype = {arxiv},
  primaryclass = {cs},
  url = {http://arxiv.org/abs/1912.13503},
  urldate = {2022-04-05},
  archiveprefix = {arXiv}
}

@unpublished{Zhang2021,
  title = {Revisiting Few-Sample {{BERT}} Fine-Tuning},
  author = {Zhang, Tianyi and Wu, Felix and Katiyar, Arzoo and Weinberger, Kilian Q. and Artzi, Yoav},
  date = {2021-03-11},
  eprint = {2006.05987},
  eprinttype = {arxiv},
  primaryclass = {cs},
  doi = {10.48550/arxiv.2006.05987},
  url = {http://arxiv.org/abs/2006.05987},
  urldate = {2022-04-08},
  archiveprefix = {arXiv}
}

@unpublished{Zhang2021a,
  title = {Beyond Fully-Connected Layers with Quaternions: Parameterization of Hypercomplex Multiplications with \$1/N\$ Parameters},
  shorttitle = {Beyond Fully-Connected Layers with Quaternions},
  author = {Zhang, Aston and Tay, Yi and Zhang, Shuai and Chan, Alvin and Luu, Anh Tuan and Hui, Siu Cheung and Fu, Jie},
  date = {2021-02-17},
  eprint = {2102.08597},
  eprinttype = {arxiv},
  primaryclass = {cs},
  url = {http://arxiv.org/abs/2102.08597},
  urldate = {2022-04-14},
  archiveprefix = {arXiv}
}

@unpublished{Zhang2022,
  title = {Subgraph Retrieval Enhanced Model for Multi-Hop Knowledge Base Question Answering},
  author = {Zhang, Jing and Zhang, Xiaokang and Yu, Jifan and Tang, Jian and Tang, Jie and Li, Cuiping and Chen, Hong},
  date = {2022-02-27},
  eprint = {2202.13296},
  eprinttype = {arxiv},
  primaryclass = {cs},
  url = {http://arxiv.org/abs/2202.13296},
  urldate = {2022-03-01},
  archiveprefix = {arXiv}
}

@unpublished{Zhang2022a,
  title = {Virtual Augmentation Supported Contrastive Learning of Sentence Representations},
  author = {Zhang, Dejiao and Xiao, Wei and Zhu, Henghui and Ma, Xiaofei and Arnold, Andrew O.},
  date = {2022-02-24},
  eprint = {2110.08552},
  eprinttype = {arxiv},
  primaryclass = {cs},
  url = {http://arxiv.org/abs/2110.08552},
  urldate = {2022-03-01},
  archiveprefix = {arXiv}
}

@unpublished{Zhang2022b,
  title = {A Survey of Multi-Task Learning in Natural Language Processing: Regarding Task Relatedness and Training Methods},
  shorttitle = {A Survey of Multi-Task Learning in Natural Language Processing},
  author = {Zhang, Zhihan and Yu, Wenhao and Yu, Mengxia and Guo, Zhichun and Jiang, Meng},
  date = {2022-04-07},
  eprint = {2204.03508},
  eprinttype = {arxiv},
  primaryclass = {cs},
  url = {http://arxiv.org/abs/2204.03508},
  urldate = {2022-04-08},
  archiveprefix = {arXiv}
}

@unpublished{Zhang2022c,
  title = {Identifying Chinese Opinion Expressions with Extremely-Noisy Crowdsourcing Annotations},
  author = {Zhang, Xin and Xu, Guangwei and Sun, Yueheng and Zhang, Meishan and Wang, Xiaobin and Zhang, Min},
  date = {2022-04-22},
  eprint = {2204.10714},
  eprinttype = {arxiv},
  primaryclass = {cs},
  url = {http://arxiv.org/abs/2204.10714},
  urldate = {2022-04-26},
  archiveprefix = {arXiv}
}

@book{Zhao2009,
  title = {Gai Ge Li Cheng =: The Secret Journal of Zhao Ziyang},
  shorttitle = {Gai Ge Li Cheng =},
  author = {Zhao, Ziyang and Du, Daozheng and Bao, Tong},
  date = {2009},
  edition = {Di 1 ban},
  publisher = {{Xin shi ji chu ban she}},
  location = {{Xianggang}},
  isbn = {978-988-17202-7-6},
  pagetotal = {370}
}

@inproceedings{Zhao2020,
  title = {Transformer-Xh: Multi-Evidence Reasoning with Extra Hop Attention},
  booktitle = {The Eighth International Conference on Learning Representations ({{ICLR}} 2020)},
  author = {Zhao, Chen and Xiong, Chenyan and Rosset, Corby and Song, Xia and Bennett, Paul and Tiwary, Saurabh},
  date = {2020-04},
  url = {https://www.microsoft.com/en-us/research/publication/transformer-xh-multi-evidence-reasoning-with-extra-hop-attention/}
}

@unpublished{Zhao2022,
  title = {{{KESA}}: A Knowledge Enhanced Approach for Sentiment Analysis},
  shorttitle = {{{KESA}}},
  author = {Zhao, Qinghua and Ma, Shuai and Ren, Shuo},
  date = {2022-02-24},
  eprint = {2202.12093},
  eprinttype = {arxiv},
  primaryclass = {cs},
  url = {http://arxiv.org/abs/2202.12093},
  urldate = {2022-03-01},
  archiveprefix = {arXiv}
}

@report{ZhongHuaRenMinGongHeGuoGuoJiaTongJiJu2017,
  title = {第三次全国农业普查主要数据公报（第五号）},
  author = {中华人民共和国国家统计局},
  date = {2017-12-16},
  url = {http://www.stats.gov.cn/tjsj/tjgb/nypcgb/qgnypcgb/201712/t20171215_1563599.html},
  urldate = {2021-11-30}
}

@report{ZhongHuaRenMinGongHeGuoGuoJiaTongJiJu2017a,
  title = {第三次全国农业普查主要数据公报（第四号）},
  author = {中华人民共和国国家统计局},
  date = {2017-12-16},
  url = {http://www.stats.gov.cn/tjsj/tjgb/nypcgb/qgnypcgb/201712/t20171215_1563634.html},
  urldate = {2021-11-30}
}

@report{ZhongHuaRenMinGongHeGuoGuoJiaTongJiJu2017b,
  title = {第三次全国农业普查主要数据公报（第三号）},
  author = {中华人民共和国国家统计局},
  date = {2017-12-15},
  url = {http://www.stats.gov.cn/tjsj/tjgb/nypcgb/qgnypcgb/201712/t20171215_1563589.html},
  urldate = {2021-11-30}
}

@report{ZhongHuaRenMinGongHeGuoGuoJiaTongJiJu2017c,
  title = {第三次全国农业普查主要数据公报（第二号）},
  author = {中华人民共和国国家统计局},
  date = {2017-12-15},
  url = {http://www.stats.gov.cn/tjsj/tjgb/nypcgb/qgnypcgb/201712/t20171215_1563539.html},
  urldate = {2021-11-30}
}

@report{ZhongHuaRenMinGongHeGuoGuoJiaTongJiJu2017d,
  title = {第三次全国农业普查主要数据公报（第一号）},
  author = {中华人民共和国国家统计局},
  date = {2017-12-14},
  url = {http://www.stats.gov.cn/tjsj/tjgb/nypcgb/qgnypcgb/201712/t20171214_1562740.html},
  urldate = {2021-11-30}
}

@report{ZhongHuaRenMinGongHeGuoGuoJiaTongJiJu2018,
  title = {第三次全国国土调查主要数据公报},
  author = {中华人民共和国国家统计局},
  date = {2018-08-26},
  url = {http://www.gov.cn/xinwen/2021-08/26/content_5633490.htm},
  urldate = {2021-12-01}
}

@report{ZhongHuaRenMinGongHeGuoNongYeNongCunBuZhongZhiYeGuanLiSi2014,
  title = {关于全国耕地质量等级情况的公报},
  author = {中华人民共和国农业农村部，种植业管理司},
  date = {2014-12-17},
  url = {http://www.moa.gov.cn/govpublic/ZZYGLS/201412/t20141217_4297895.htm},
  urldate = {2021-12-01}
}

@inproceedings{Zhou2021,
  title = {A Divide-and-Conquer Approach for Multi-Label Multi-Hop Relation Detection in Knowledge Base Question Answering},
  booktitle = {Findings of the {{Association}} for {{Computational Linguistics}}: {{EMNLP}} 2021},
  author = {Zhou, Deyu and Xiang, Yanzheng and Zhang, Linhai and Ye, Chenchen and Zhang, Qian-Wen and Cao, Yunbo},
  date = {2021},
  pages = {4798--4808},
  publisher = {{Association for Computational Linguistics}},
  location = {{Punta Cana, Dominican Republic}},
  doi = {10/gph2wb},
  url = {https://aclanthology.org/2021.findings-emnlp.412},
  urldate = {2022-01-22},
  eventtitle = {Findings of the {{Association}} for {{Computational Linguistics}}: {{EMNLP}} 2021},
  langid = {english}
}

@inproceedings{Zhou2021a,
  title = {{{CRFR}}: Improving Conversational Recommender Systems via Flexible Fragments Reasoning on Knowledge Graphs},
  shorttitle = {{{CRFR}}},
  booktitle = {Proceedings of the 2021 {{Conference}} on {{Empirical Methods}} in {{Natural Language Processing}}},
  author = {Zhou, Jinfeng and Wang, Bo and He, Ruifang and Hou, Yuexian},
  date = {2021-11},
  pages = {4324--4334},
  publisher = {{Association for Computational Linguistics}},
  location = {{Online and Punta Cana, Dominican Republic}},
  doi = {10/gprg9v},
  url = {https://aclanthology.org/2021.emnlp-main.355},
  urldate = {2022-01-22},
  eventtitle = {{{EMNLP}} 2021}
}

@unpublished{Zhou2022,
  title = {{{WCL-BBCD}}: A Contrastive Learning and Knowledge Graph Approach to Named Entity Recognition},
  shorttitle = {{{WCL-BBCD}}},
  author = {Zhou, Renjie and Hu, Qiang and Wan, Jian and Zhang, Jilin and Liu, Qiang and Hu, Tianxiang and Li, Jianjun},
  date = {2022-03-14},
  eprint = {2203.06925},
  eprinttype = {arxiv},
  primaryclass = {cs},
  url = {http://arxiv.org/abs/2203.06925},
  urldate = {2022-03-15},
  archiveprefix = {arXiv}
}

@misc{zotero-15961,
  title = {独立宣言},
  url = {https://www.uscis.gov/sites/default/files/document/guides/M-654.pdf},
  urldate = {2022-03-23}
}

@online{zotero-undefined,
  title = {The Annotated Transformer},
  url = {http://nlp.seas.harvard.edu/2018/04/03/attention.html},
  urldate = {2022-04-21}
}

@misc{zotero-undefineda,
  title = {Latex Mathematical Symbols Reference}
}


